xltime,trade-price,trade-volume,bid-price,bid-volume,ask-price,ask-volume
2017-01-03 09:00:00.158000-05:00,224.80000000000004,650.0,224.80000000000004,9,224.83,12
2017-01-03 09:00:00.346000-05:00,224.83,91.0,224.8,1,224.83,3
2017-01-03 09:00:05.709000-05:00,224.8,140.0,224.49,2,224.83,3
2017-01-03 09:00:05.719000-05:00,224.49,110.0,224.14,100,224.83,3
2017-01-03 09:00:50.549000-05:00,224.83,309.0,224.83,89,224.87,20
2017-01-03 09:00:50.580000-05:00,224.83,265.0,224.83,42,224.87,10
2017-01-03 09:01:16.438000-05:00,224.86333333333334,50.0,224.83,42,224.87,9
2017-01-03 09:02:23.068000-05:00,224.77,600.0,224.77,14,224.86,2
2017-01-03 09:03:06.637000-05:00,224.77,110.0,224.77,8,224.86,2
2017-01-03 09:05:27.623000-05:00,224.77,2000.0,224.76,80,224.77,90
2017-01-03 09:05:49.706000-05:00,224.77,3500.0,224.76666666666665,80,224.79,9
2017-01-03 09:06:27.083000-05:00,224.79500000000002,200.0,224.8,48,224.87,9
2017-01-03 09:06:31.802000-05:00,224.8,100.0,224.8,47,224.87,9
2017-01-03 09:10:50.665000-05:00,224.8,100.0,224.8,1,224.83,23
2017-01-03 09:10:56.405000-05:00,224.83,1000.0,224.8,1,224.83,13
2017-01-03 09:11:09.904000-05:00,224.82,150.0,224.8,10,224.82,38
2017-01-03 09:11:11.164000-05:00,224.8,20.0,224.8,10,224.82,38
2017-01-03 09:11:14.844000-05:00,224.80000000000004,4000.0,224.8,9,224.82,38
2017-01-03 09:11:20.794000-05:00,224.8,980.0,224.76,20,224.8,3
2017-01-03 09:11:47.803000-05:00,224.8,50.0,224.76,30,224.8,2
2017-01-03 09:12:38.751000-05:00,224.8,270.0,224.8,10,224.87,9
2017-01-03 09:12:59.661000-05:00,224.8,10.0,224.8,10,224.87,9
2017-01-03 09:13:27.300000-05:00,224.81,100.0,224.81,1,224.87,9
2017-01-03 09:14:48.357000-05:00,224.81,100.0,224.78,42,224.86,10
2017-01-03 09:15:25.835000-05:00,224.79500000000002,2000.0,224.78,22,224.85,10
2017-01-03 09:17:36.894000-05:00,224.835,2000.0,224.84,10,224.87,9
2017-01-03 09:17:55.273000-05:00,224.84,1000.0,224.84,10,224.87,9
2017-01-03 09:23:36.746000-05:00,224.78,500.0,224.78,17,224.82,29
2017-01-03 09:23:41.176000-05:00,224.78,1000.0,224.78,7,224.82,29
2017-01-03 09:24:14.256000-05:00,224.78,200.0,224.66,30,224.82,29
2017-01-03 09:34:40.605000-05:00,224.74,1000.0,224.68,29,224.74,39
2017-01-03 09:41:46.789000-05:00,224.83,50.0,224.82,59,224.86,20
2017-01-03 09:41:47.889000-05:00,224.84500000000003,350.0,224.81,19,224.86,17
2017-01-03 09:44:58.905000-05:00,224.87,400.0,224.8111111111111,308,224.86,106
2017-01-03 09:46:10.313000-05:00,224.85,100.0,224.85,48,224.88,2
2017-01-03 09:59:01.776000-05:00,224.86,400.0,224.83,10,224.86,16
2017-01-03 10:00:10.614000-05:00,224.9,455.0,224.87,49,224.91,26
2017-01-03 10:00:10.654000-05:00,224.91,100.0,224.87,98,224.91,51
2017-01-03 10:00:41.604000-05:00,224.93,300.0,224.9,98,224.94,63
2017-01-03 10:01:27.683000-05:00,224.96,200.0,224.93,5,224.96,23
2017-01-03 10:06:33.030000-05:00,224.95,500.0,224.95,14,224.96,5
2017-01-03 10:17:26.485000-05:00,224.96,500.0,224.95,19,224.97,10
2017-01-03 10:17:28.494000-05:00,224.965,480.0,224.95,19,224.97,6
2017-01-03 10:24:36.226000-05:00,224.86,100.0,224.84,70,224.85,300
2017-01-03 10:25:18.275000-05:00,224.85,2000.0,224.84,100,224.85,280
2017-01-03 10:25:40.474000-05:00,224.85,400.0,224.84,100,224.85,276
2017-01-03 10:25:41.714000-05:00,224.842,10000.0,224.835,140,224.8525,441
2017-01-03 10:25:41.724000-05:00,224.84,15600.0,224.8325,200,224.865,362
2017-01-03 10:30:05.487000-05:00,224.85,1000.0,224.84,40,224.85,20
2017-01-03 10:30:11.395000-05:00,224.84,3000.0,224.82600000000002,180,224.86599999999999,99
2017-01-03 10:30:11.397000-05:00,224.84,18222.0,224.84,10,224.89,49
2017-01-03 10:43:41.939000-05:00,224.9,200.0,224.87,19,224.91,49
2017-01-03 11:02:15.171000-05:00,224.97,30.0,224.94,29,224.97,5
2017-01-03 11:04:02.899000-05:00,224.96,100.0,224.94,40,224.965,7
2017-01-03 11:06:39.873000-05:00,224.99,35.0,224.97,5,224.99,2
2017-01-03 11:06:40.184000-05:00,224.99,200.0,224.97,5,224.99,2
2017-01-03 11:07:23.662000-05:00,224.99,25.0,224.97,5,224.99,2
2017-01-03 11:07:54.421000-05:00,224.99428571428572,750.0,224.97,10,225.0,7
2017-01-03 11:09:45.482000-05:00,225.0,172.0,224.97,20,225.01,59
2017-01-03 11:13:24.154000-05:00,225.03,100.0,225.03000000000003,100,225.07200000000003,100
2017-01-03 11:14:58.485000-05:00,225.05,10.0,225.04666666666668,447,225.10111111111112,255
2017-01-03 11:14:58.486000-05:00,225.10500000000002,450.0,225.0625,157,225.12,88
2017-01-03 11:15:11.515000-05:00,225.12333333333333,1000.0,225.12,74,225.15,21
2017-01-03 11:16:09.894000-05:00,225.18,17.0,225.18,121,225.22,26
2017-01-03 11:16:10.854000-05:00,225.23,100.0,225.195,158,225.2275,28
2017-01-03 11:16:21.145000-05:00,225.21,100.0,225.21,4,225.25,3
2017-01-03 11:20:35.417000-05:00,225.15,50.0,225.15,29,225.16,3
2017-01-03 11:21:56.625000-05:00,225.11,500.0,225.1,37,225.14,5
2017-01-03 11:21:56.645000-05:00,225.1,2000.0,225.1,36,225.14,5
2017-01-03 11:22:15.835000-05:00,225.1,400.0,225.1,50,225.14,38
2017-01-03 11:23:33.722000-05:00,225.1,1800.0,225.09,139,225.13,10
2017-01-03 11:25:34.002000-05:00,225.16,300.0,225.15,30,225.19,20
2017-01-03 11:25:44.731000-05:00,225.16,200.0,225.17,28,225.22,40
2017-01-03 11:26:24.600000-05:00,225.2,50.0,225.16,20,225.22,99
2017-01-03 11:27:52.968000-05:00,225.23,500.0,225.21,3,225.24,10
2017-01-03 11:27:55.737000-05:00,225.23,200.0,225.21,3,225.24,24
2017-01-03 11:27:57.987000-05:00,225.23,200.0,225.21,3,225.24,24
2017-01-03 11:27:59.418000-05:00,225.23,200.0,225.21,3,225.24,24
2017-01-03 11:28:02.227000-05:00,225.23,100.0,225.21,3,225.24,24
2017-01-03 11:29:32.730000-05:00,225.225,1900.0,225.21,6,225.22,40
2017-01-03 11:32:52.227000-05:00,225.22,4700.0,225.21,3,225.22,8
2017-01-03 11:33:26.007000-05:00,225.22,2900.0,225.21,6,225.23,79
2017-01-03 11:33:26.017000-05:00,225.23,2400.0,225.21,3,225.23,6
2017-01-03 11:39:26.248000-05:00,225.23,10.0,225.22,118,225.25,9
2017-01-03 11:39:49.208000-05:00,225.25,350.0,225.26,26,225.3,11
2017-01-03 11:42:53.524000-05:00,225.3,134.0,225.28857142857143,318,225.3057142857143,12
2017-01-03 11:43:13.382000-05:00,225.28,300.0,225.28,32,225.32,29
2017-01-03 11:52:50.377000-05:00,225.28,300.0,225.28,27,225.32,29
2017-01-03 11:56:00.316000-05:00,225.26999999999998,100.0,225.26,44,225.29,5
2017-01-03 11:57:51.734000-05:00,225.26,100.0,225.26,49,225.3,11
2017-01-03 11:57:53.835000-05:00,225.26,100.0,225.26,93,225.3,22
2017-01-03 11:57:55.214000-05:00,225.26,100.0,225.26,44,225.29,5
2017-01-03 11:57:56.844000-05:00,225.26,100.0,225.26,43,225.29,5
2017-01-03 11:58:14.044000-05:00,225.26,500.0,225.26,40,225.29,5
2017-01-03 12:00:09.980000-05:00,225.23,500.0,225.23,5,225.27,59
2017-01-03 12:00:12.750000-05:00,225.23,500.0,225.23,5,225.27,59
2017-01-03 12:00:15.180000-05:00,225.23,500.0,225.22,61,225.26,5
2017-01-03 12:00:25.420000-05:00,225.22,300.0,225.22,37,225.26,28
2017-01-03 12:00:32.160000-05:00,225.26,1500.0,225.22,148,225.265,138
2017-01-03 12:00:34.160000-05:00,225.26,100.0,225.26,21,225.27,40
2017-01-03 12:00:35.419000-05:00,225.26,500.0,225.26,16,225.27,40
2017-01-03 12:00:36.559000-05:00,225.26,500.0,225.26,11,225.27,59
2017-01-03 12:00:36.899000-05:00,225.26,500.0,225.26,6,225.27,59
2017-01-03 12:00:44.719000-05:00,225.26,300.0,225.26,3,225.27,59
2017-01-03 12:00:45.039000-05:00,225.24,1500.0,225.22,25,225.27,59
2017-01-03 12:01:02.870000-05:00,225.22,1200.0,225.22,18,225.25,17
2017-01-03 12:01:03.800000-05:00,225.25,1000.0,225.24,110,225.25,7
2017-01-03 12:01:22.549000-05:00,225.25,700.0,225.24,50,225.28,9
2017-01-03 12:01:28.608000-05:00,225.26,60.0,225.246,229,225.296,91
2017-01-03 12:01:28.612000-05:00,225.288,104.0,225.26,88,225.305,41
2017-01-03 12:02:02.801000-05:00,225.3,503.0,225.31,34,225.32,20
2017-01-03 12:02:09.087000-05:00,225.32,2000.0,225.31,39,225.35,1
2017-01-03 12:02:44.066000-05:00,225.33,1000.0,225.33,13,225.35,82
2017-01-03 12:02:57.256000-05:00,225.31,1602.0,225.29,65,225.3,20
2017-01-03 12:02:57.346000-05:00,225.3,2000.0,225.29,168,225.3,40
2017-01-03 12:02:57.356000-05:00,225.30000000000004,3104.0,225.29,252,225.30000000000004,60
2017-01-03 12:02:57.456000-05:00,225.30000000000004,1900.0,225.29,168,225.3,40
2017-01-03 12:02:57.556000-05:00,225.30000000000004,2000.0,225.29,84,225.3,20
2017-01-03 12:03:00.206000-05:00,225.3,1000.0,225.29,168,225.3,40
2017-01-03 12:03:04.256000-05:00,225.3,1500.0,225.29,84,225.3,20
2017-01-03 12:03:06.996000-05:00,225.3,2600.0,225.29,252,225.30000000000004,60
2017-01-03 12:03:09.789000-05:00,225.3,627.0,225.29999999999998,214,225.35,3
2017-01-03 12:03:09.855000-05:00,225.35142857142858,776.0,225.31,59,225.38,33
2017-01-03 12:03:30.335000-05:00,225.33,600.0,225.3,40,225.33,20
2017-01-03 12:03:51.504000-05:00,225.33,1000.0,225.32,68,225.33,22
2017-01-03 12:03:51.514000-05:00,225.33,1000.0,225.32,68,225.33,22
2017-01-03 12:03:51.585000-05:00,225.33,400.0,225.32,68,225.33,20
2017-01-03 12:03:51.594000-05:00,225.33,1801.0,225.32,136,225.33,40
2017-01-03 12:03:51.695000-05:00,225.33,1200.0,225.32,136,225.33,40
2017-01-03 12:03:51.705000-05:00,225.33,801.0,225.32,68,225.33,20
2017-01-03 12:03:52.254000-05:00,225.33,300.0,225.32,68,225.33,20
2017-01-03 12:03:52.825000-05:00,225.33,800.0,225.32,68,225.33,20
2017-01-03 12:04:03.174000-05:00,225.33,2001.0,225.32,28,225.33,20
2017-01-03 12:04:17.433000-05:00,225.33,5000.0,225.32,48,225.33,20
2017-01-03 12:04:25.143000-05:00,225.32,4645.0,225.32,1,225.33,20
2017-01-03 12:04:38.232000-05:00,225.33,300.0,225.32,39,225.33,20
2017-01-03 12:04:50.663000-05:00,225.33,1900.0,225.32,39,225.33,20
2017-01-03 12:04:50.922000-05:00,225.33,200.0,225.32,39,225.33,20
2017-01-03 12:05:03.612000-05:00,225.32,1000.0,225.32,29,225.33,20
2017-01-03 12:05:03.922000-05:00,225.33,500.0,225.32,37,225.33,20
2017-01-03 12:05:11.981000-05:00,225.33,800.0,225.3,20,225.33,20
2017-01-03 12:05:18.952000-05:00,225.33,200.0,225.3,20,225.33,20
2017-01-03 12:05:45.132000-05:00,225.33,10000.0,225.3,20,225.33,20
2017-01-03 12:05:48.271000-05:00,225.3066666666667,300.0,225.3,17,225.33,20
2017-01-03 12:05:52.592000-05:00,225.33,1000.0,225.3,20,225.33,20
2017-01-03 12:06:09.171000-05:00,225.28,100.0,225.28,19,225.3,5
2017-01-03 12:07:09.570000-05:00,225.33,200.0,225.3,25,225.33,20
2017-01-03 12:09:37.496000-05:00,225.29,200.0,225.29,28,225.31,5
2017-01-03 12:10:01.925000-05:00,225.29,2800.0,225.285,65,225.31,21
2017-01-03 12:10:03.545000-05:00,225.28,1702.0,225.275,32,225.3,26
2017-01-03 12:10:03.656000-05:00,225.28,202.0,225.27,30,225.28,2
2017-01-03 12:10:05.595000-05:00,225.27,202.0,225.25,40,225.27,2
2017-01-03 12:10:05.598000-05:00,225.27,2000.0,225.2525,208,225.27,4
2017-01-03 12:10:06.234000-05:00,225.27,2000.0,225.26,28,225.27,1
2017-01-03 12:10:07.045000-05:00,225.27,2000.0,225.26,28,225.27,1
2017-01-03 12:10:11.635000-05:00,225.27,100.0,225.25,20,225.27,1
2017-01-03 12:10:17.675000-05:00,225.27,70.0,225.26,48,225.27,1
2017-01-03 12:10:20.747000-05:00,225.27,8524.0,225.27,80,225.3,18
2017-01-03 12:11:05.773000-05:00,225.27,50.0,225.25,20,225.27,1
2017-01-03 12:11:09.444000-05:00,225.27,100.0,225.25,20,225.27,1
2017-01-03 12:12:30.861000-05:00,225.26,3.0,225.25,18,225.27,20
2017-01-03 12:13:00.640000-05:00,225.25,17.0,225.25,19,225.27,20
2017-01-03 12:13:08.719000-05:00,225.25,1000.0,225.25,9,225.27,20
2017-01-03 12:13:20.329000-05:00,225.25,1500.0,225.25,5,225.26,8
2017-01-03 12:13:45.129000-05:00,225.26,300.0,225.25,20,225.27,20
2017-01-03 12:14:10.079000-05:00,225.27,1553.0,225.26,100,225.27,5
2017-01-03 12:14:21.518000-05:00,225.26,20001.0,225.25333333333333,140,225.26333333333332,21
2017-01-03 12:14:21.529000-05:00,225.26,24093.0,225.2525,160,225.265,40
2017-01-03 12:14:21.609000-05:00,225.26,500.0,225.26,95,225.27,19
2017-01-03 12:14:57.528000-05:00,225.27,200.0,225.22,160,225.27,2
2017-01-03 12:15:16.147000-05:00,225.25,100.0,225.25,119,225.27,4
2017-01-03 12:15:30.176000-05:00,225.24,500.0,225.22,173,225.27,4
2017-01-03 12:16:02.505000-05:00,225.27,2000.0,225.25,600,225.27000000000004,83
2017-01-03 12:16:21.635000-05:00,225.29,3.0,225.27,160,225.3,5
2017-01-03 12:16:25.725000-05:00,225.3,503.0,225.3,20,225.32,7
2017-01-03 12:16:34.665000-05:00,225.32,100.0,225.3,120,225.32,6
2017-01-03 12:16:55.055000-05:00,225.32,550.0,225.3,120,225.33,5
2017-01-03 12:17:31.734000-05:00,225.28,100.0,225.28,20,225.32,5
2017-01-03 12:18:12.393000-05:00,225.27,1900.0,225.27,20,225.3,22
2017-01-03 12:20:25.279000-05:00,225.275,240.0,225.27,20,225.3,19
2017-01-03 12:20:27.498000-05:00,225.27,9300.0,225.27,40,225.3,38
2017-01-03 12:20:34.549000-05:00,225.255,105.0,225.24,2,225.29,59
2017-01-03 12:20:34.848000-05:00,225.27,1.0,225.265,169,225.31,80
2017-01-03 12:20:41.259000-05:00,225.26,1700.0,225.26,20,225.31,40
2017-01-03 12:20:45.518000-05:00,225.29777777777778,900.0,225.26,20,225.31,33
2017-01-03 12:21:15.547000-05:00,225.28,125.0,225.25,20,225.28,57
2017-01-03 12:21:54.877000-05:00,225.26,15000.0,225.25333333333333,52,225.27166666666668,443
2017-01-03 12:21:54.945000-05:00,225.23666666666668,701.0,225.22,21,225.26,16
2017-01-03 12:22:02.025000-05:00,225.23,15.0,225.23,20,225.25,19
2017-01-03 12:22:04.856000-05:00,225.23,400.0,225.23,20,225.25,19
2017-01-03 12:22:15.525000-05:00,225.22,100.0,225.22,7,225.23,19
2017-01-03 12:22:22.935000-05:00,225.2225,33333.0,225.21,40,225.2275,69
2017-01-03 12:22:26.844000-05:00,225.21,1001.0,225.19,40,225.23,19
2017-01-03 12:22:35.154000-05:00,225.19,2999.0,225.19,10,225.23,19
2017-01-03 12:23:08.025000-05:00,225.21,100.0,225.20499999999998,209,225.235,29
2017-01-03 12:23:08.695000-05:00,225.21,100.0,225.2025,330,225.2475,85
2017-01-03 12:23:09.944000-05:00,225.21,100.0,225.2025,330,225.2475,85
2017-01-03 12:23:36.414000-05:00,225.21,100.0,225.21,14,225.26,28
2017-01-03 12:23:52.764000-05:00,225.23,300.0,225.22333333333333,613,225.25333333333333,118
2017-01-03 12:23:58.943000-05:00,225.24,2.0,225.22500000000002,163,225.29,80
2017-01-03 12:24:44.773000-05:00,225.23,300.0,225.23,37,225.28,19
2017-01-03 12:25:14.512000-05:00,225.26,900.0,225.245,148,225.26999999999998,28
2017-01-03 12:25:40.781000-05:00,225.25,585.0,225.21,28,225.25,59
2017-01-03 12:25:50.710000-05:00,225.23,7000.0,225.22,94,225.245,30
2017-01-03 12:26:36.180000-05:00,225.215,500.0,225.21,29,225.26,28
2017-01-03 12:26:51.749000-05:00,225.23,600.0,225.22142857142856,657,225.24714285714285,108
2017-01-03 12:27:11.288000-05:00,225.24,601.0,225.24,396,225.28,9
2017-01-03 12:28:44.316000-05:00,225.25,500.0,225.21,79,225.25,395
2017-01-03 12:29:04.845000-05:00,225.23,39500.0,225.21333333333334,545,225.24333333333334,810
2017-01-03 12:30:37.912000-05:00,225.215,100.0,225.21,8,225.23,19
2017-01-03 12:31:13.170000-05:00,225.21,803.0,225.19,10,225.22,72
2017-01-03 12:31:23.111000-05:00,225.21,300.0,225.19,10,225.21,16
2017-01-03 12:31:39.330000-05:00,225.21,1000.0,225.19,10,225.21,6
2017-01-03 12:32:19.109000-05:00,225.18999999999997,1003.0,225.18,17,225.19,29
2017-01-03 12:32:22.250000-05:00,225.18,200.0,225.18,31,225.19,58
2017-01-03 12:32:40.947000-05:00,225.2,2988.0,225.19,120,225.22,3
2017-01-03 12:33:19.128000-05:00,225.21,1.0,225.195,274,225.22,6
2017-01-03 12:33:26.015000-05:00,225.22666666666666,401.0,225.21333333333334,370,225.23333333333335,34
2017-01-03 12:33:41.896000-05:00,225.24,199.0,225.21,110,225.24,8
2017-01-03 12:34:34.423000-05:00,225.21,1.0,225.18,418,225.22285714285712,498
2017-01-03 12:35:13.454000-05:00,225.2,200.0,225.18,124,225.24,74
2017-01-03 12:35:56.531000-05:00,225.19,2.0,225.18,14,225.19,39
2017-01-03 12:35:56.623000-05:00,225.19,900.0,225.18,14,225.19,1
2017-01-03 12:36:24.972000-05:00,225.18,1400.0,225.14,15,225.18,5
2017-01-03 12:36:47.561000-05:00,225.16,2.0,225.15,25,225.17,555
2017-01-03 12:37:13.440000-05:00,225.15,300.0,225.15,2,225.18,5
2017-01-03 12:37:21.330000-05:00,225.18,500.0,225.15,2,225.18,5
2017-01-03 12:37:23.040000-05:00,225.18,200.0,225.15,2,225.18,5
2017-01-03 12:37:25.218000-05:00,225.17999999999998,7901.0,225.16,220,225.195,45
2017-01-03 12:37:25.649000-05:00,225.185,301.0,225.16,220,225.195,43
2017-01-03 12:38:14.308000-05:00,225.17,500.0,225.17,35,225.21,19
2017-01-03 12:38:14.697000-05:00,225.17,300.0,225.17,32,225.21,19
2017-01-03 12:40:24.914000-05:00,225.15,500.0,225.14,40,225.15,2
2017-01-03 12:41:24.442000-05:00,225.13,4001.0,225.12,12,225.14,28
2017-01-03 12:41:30.852000-05:00,225.12,999.0,225.12,2,225.14,28
2017-01-03 12:41:34.941000-05:00,225.12,100.0,225.12,1,225.14,28
2017-01-03 12:41:46.122000-05:00,225.12,100.0,225.1,15,225.14,26
2017-01-03 12:42:18.041000-05:00,225.10500000000002,100.0,225.1,14,225.14,26
2017-01-03 12:45:21.774000-05:00,225.14818181818183,803.0,225.12000000000003,385,225.15,7
2017-01-03 12:45:21.783000-05:00,225.15,349.0,225.15,1,225.16,1
2017-01-03 12:45:21.975000-05:00,225.15,100.0,225.15,1,225.16,1
2017-01-03 12:45:47.493000-05:00,225.15,22748.0,225.13,62,225.15833333333333,324
2017-01-03 12:48:22.639000-05:00,225.14,500.0,225.12,94,225.14,15
2017-01-03 12:48:28.539000-05:00,225.14,700.0,225.13,54,225.16,2
2017-01-03 12:49:07.308000-05:00,225.13,100.0,225.13,6,225.16,1
2017-01-03 12:50:14.286000-05:00,225.13,500.0,225.13,1,225.16,1
2017-01-03 12:51:31.864000-05:00,225.156,402.0,225.14,120,225.17333333333332,74
2017-01-03 12:51:31.874000-05:00,225.16,20.0,225.14,40,225.19,19
2017-01-03 12:51:36.664000-05:00,225.18999999999997,100.0,225.13,330,225.19999999999996,103
2017-01-03 12:53:15.551000-05:00,225.15,1500.0,225.13,95,225.2,69
2017-01-03 12:53:53.281000-05:00,225.12,853.0,225.11,1,225.15,39
2017-01-03 12:54:38.061000-05:00,225.15,300.0,225.12,38,225.165,73
2017-01-03 12:54:50.217000-05:00,225.15,300.0,225.12,16,225.15,94
2017-01-03 12:55:06.640000-05:00,225.11666666666667,102.0,225.11,2,225.15,158
2017-01-03 12:55:06.780000-05:00,225.11,100.0,225.08,122,225.15,79
2017-01-03 12:55:31.899000-05:00,225.13,22222.0,225.1275,175,225.17,24
2017-01-03 12:55:33.269000-05:00,225.11,200.0,225.11,68,225.17,61
2017-01-03 12:58:11.228000-05:00,225.16,1.0,225.156,512,225.17,5
2017-01-03 12:58:11.239000-05:00,225.17,100.0,225.17,149,225.18,1
2017-01-03 12:58:40.444000-05:00,225.17,100.0,225.16,70,225.18,1
2017-01-03 12:58:42.338000-05:00,225.18,101.0,225.175,400,225.185,22
2017-01-03 12:58:52.104000-05:00,225.17,1000.0,225.17,10,225.19,4
2017-01-03 12:59:01.693000-05:00,225.18999999999997,101.0,225.17,10,225.21,1
2017-01-03 12:59:27.382000-05:00,225.18,100.0,225.17,10,225.21,1
2017-01-03 12:59:58.181000-05:00,225.16636363636363,31200.0,225.14333333333332,437,225.19000000000003,78
2017-01-03 12:59:58.185000-05:00,225.15,202.0,225.15666666666667,262,225.21,3
2017-01-03 12:59:58.201000-05:00,225.16,2000.0,225.16,80,225.21,2
2017-01-03 13:00:00.051000-05:00,225.16,50.0,225.16,49,225.21,41
2017-01-03 13:00:00.735000-05:00,225.19333333333336,4.0,225.16,49,225.21,40
2017-01-03 13:00:14.881000-05:00,225.16,2000.0,225.16,99,225.21,80
2017-01-03 13:00:17.941000-05:00,225.16,79.0,225.16,137,225.21,80
2017-01-03 13:00:24.791000-05:00,225.16,100.0,225.16,67,225.21,41
2017-01-03 13:00:34.602000-05:00,225.16,40.0,225.16,19,225.21,41
2017-01-03 13:00:58.130000-05:00,225.16,600.0,225.16,127,225.21,82
2017-01-03 13:01:09.260000-05:00,225.16,1000.0,225.16,60,225.21,41
2017-01-03 13:01:19.450000-05:00,225.16,2000.0,225.16,50,225.21,41
2017-01-03 13:01:21.110000-05:00,225.16,79.0,225.16,52,225.2,1
2017-01-03 13:01:28.060000-05:00,225.16,100.0,225.16,51,225.2,1
2017-01-03 13:01:37.589000-05:00,225.16,100.0,225.16,50,225.2,1
2017-01-03 13:02:38.729000-05:00,225.16,5.0,225.11,71,225.16,40
2017-01-03 13:04:26.987000-05:00,225.13,200.0,225.13,540,225.17,4
2017-01-03 13:04:52.734000-05:00,225.14,100.0,225.14,39,225.17,1
2017-01-03 13:05:01.264000-05:00,225.14,200.0,225.14,37,225.17,1
2017-01-03 13:05:03.314000-05:00,225.15666666666667,97.0,225.14,37,225.18,41
2017-01-03 13:05:49.613000-05:00,225.15,100.0,225.15,36,225.18,41
2017-01-03 13:07:06.150000-05:00,225.15,480.0,225.15,31,225.16,1
2017-01-03 13:07:29.730000-05:00,225.15,50.0,225.15,30,225.16,1
2017-01-03 13:07:41.709000-05:00,225.15,100.0,225.15,29,225.16,40
2017-01-03 13:07:44.939000-05:00,225.15,2500.0,225.15,4,225.16,40
2017-01-03 13:08:48.728000-05:00,225.15,445.0,225.13,110,225.18,40
2017-01-03 13:09:02.498000-05:00,225.16,1900.0,225.155,73,225.18,18
2017-01-03 13:09:02.548000-05:00,225.17,1900.0,225.16,106,225.19,18
2017-01-03 13:09:02.558000-05:00,225.17,1900.0,225.16333333333333,200,225.17666666666665,37
2017-01-03 13:14:01.086000-05:00,225.11599999999999,162.0,225.11,70,225.16,54
2017-01-03 13:15:02.874000-05:00,225.13,41.0,225.11,70,225.13,2
2017-01-03 13:16:01.153000-05:00,225.12,2000.0,225.08,121,225.13,42
2017-01-03 13:16:12.612000-05:00,225.1,3500.0,225.085,236,225.10500000000002,51
2017-01-03 13:16:30.252000-05:00,225.12,1700.0,225.08,121,225.13,40
2017-01-03 13:17:18.829000-05:00,225.08,1175.0,225.07333333333335,21,225.08666666666667,120
2017-01-03 13:17:20.231000-05:00,225.07,400.0,225.07,1,225.08,40
2017-01-03 13:17:25.041000-05:00,225.07,101.0,225.03,111,225.07,1
2017-01-03 13:17:30.099000-05:00,225.04666666666665,100.0,225.03,142,225.07,2
2017-01-03 13:17:49.250000-05:00,225.05,2.0,225.05,19,225.07,1
2017-01-03 13:18:01.769000-05:00,225.05,100.0,225.05,18,225.07,1
2017-01-03 13:18:06.469000-05:00,225.07,1006.0,225.06000000000003,110,225.07000000000002,3
2017-01-03 13:18:06.478000-05:00,225.07,100.0,225.07,136,225.11,58
2017-01-03 13:18:06.487000-05:00,225.07,1293.0,225.06,70,225.11,58
2017-01-03 13:18:34.768000-05:00,225.09,3.0,225.1,1,225.12,60
2017-01-03 13:18:40.398000-05:00,225.11,500.0,225.1,1,225.11,13
2017-01-03 13:19:15.388000-05:00,225.12,1.0,225.1,1,225.14,40
2017-01-03 13:19:28.348000-05:00,225.1,101.0,225.1,1,225.14,40
2017-01-03 13:19:30.498000-05:00,225.1,397.0,225.09,82,225.1,42
2017-01-03 13:19:31.188000-05:00,225.1,25.0,225.09,42,225.1,20
2017-01-03 13:19:48.368000-05:00,225.08,2078.0,225.08,89,225.14,40
2017-01-03 13:21:22.024000-05:00,225.06000000000003,1000.0,225.05,8,225.09,58
2017-01-03 13:21:28.634000-05:00,225.05,896.0,225.03,111,225.05,41
2017-01-03 13:21:59.786000-05:00,225.065,1000.0,225.06,60,225.09,10
2017-01-03 13:22:16.367000-05:00,225.07,200.0,225.06333333333336,288,225.08333333333334,22
2017-01-03 13:22:45.067000-05:00,225.04000000000002,49500.0,225.03,666,225.04666666666665,1578
2017-01-03 13:23:03.357000-05:00,225.04666666666665,300.0,225.04,2,225.09,50
2017-01-03 13:23:52.145000-05:00,225.05,104.0,225.04,2,225.09,50
2017-01-03 13:23:56.798000-05:00,225.04,212.0,225.03,3,225.07666666666668,180
2017-01-03 13:24:59.853000-05:00,225.01,100.0,225.01,111,225.05,18
2017-01-03 13:26:00.762000-05:00,225.03,800.0,225.03,2,225.04,10
2017-01-03 13:26:01.192000-05:00,225.025,300.0,225.02,24,225.04,10
2017-01-03 13:26:07.063000-05:00,225.02,2300.0,225.02,1,225.04,10
2017-01-03 13:26:17.424000-05:00,225.02,100.0,225.00799999999998,223,225.04000000000002,150
2017-01-03 13:26:23.482000-05:00,225.00666666666666,100.0,225.0,2,225.02,18
2017-01-03 13:26:24.791000-05:00,225.0,100.0,225.0,1,225.02,18
2017-01-03 13:26:38.751000-05:00,225.02,20.0,225.0,2,225.02,17
2017-01-03 13:26:45.661000-05:00,225.0,702.0,224.98,142,225.02,34
2017-01-03 13:27:36.570000-05:00,225.0,100.0,225.0,4,225.02,15
2017-01-03 13:28:18.328000-05:00,225.01,500.0,225.0,4,225.01,4
2017-01-03 13:28:25.168000-05:00,225.0,400.0,224.98,122,225.0,6
2017-01-03 13:29:57.226000-05:00,225.03,500.0,225.03,95,225.05,5
2017-01-03 13:30:04.347000-05:00,225.02,2200.0,225.02,1,225.03,6
2017-01-03 13:30:54.575000-05:00,225.01,402.0,224.9825,490,225.01625,272
2017-01-03 13:31:49.645000-05:00,224.98,478.0,224.96375,251,224.99,480
2017-01-03 13:32:21.504000-05:00,224.956,1702.0,224.9416666666667,45,224.965,272
2017-01-03 13:32:21.525000-05:00,224.94,200.0,224.92,34,224.96,41
2017-01-03 13:32:28.464000-05:00,224.95,300.0,224.93875,188,224.95999999999998,204
2017-01-03 13:32:36.395000-05:00,224.97,25.0,224.96,10,224.97,49
2017-01-03 13:32:37.995000-05:00,224.96,100.0,224.96,9,224.97,49
2017-01-03 13:33:06.424000-05:00,224.95,500.0,224.94714285714284,125,224.96428571428572,430
2017-01-03 13:33:13.665000-05:00,224.96,100.0,224.95,40,224.97,48
2017-01-03 13:33:55.865000-05:00,224.93,3100.0,224.92333333333332,41,224.94666666666663,154
2017-01-03 13:33:55.901000-05:00,224.92,500.0,224.88,111,224.93,18
2017-01-03 13:34:09.234000-05:00,224.94,1.0,224.94,24,224.95,17
2017-01-03 13:34:09.551000-05:00,224.94,1000.0,224.94,14,224.95,17
2017-01-03 13:34:10.094000-05:00,224.94,1000.0,224.94,25,224.95,68
2017-01-03 13:34:15.284000-05:00,224.94,349.0,224.94,1,224.95,17
2017-01-03 13:34:15.984000-05:00,224.94,150.0,224.93,30,224.94,3
2017-01-03 13:34:17.714000-05:00,224.93,500.0,224.93,25,224.94,3
2017-01-03 13:34:18.515000-05:00,224.93,500.0,224.93,20,224.94,3
2017-01-03 13:34:19.424000-05:00,224.93,500.0,224.93,15,224.94,3
2017-01-03 13:34:21.314000-05:00,224.93,500.0,224.93,5,224.94,3
2017-01-03 13:34:22.724000-05:00,224.93,100.0,224.93,4,224.94,3
2017-01-03 13:34:23.514000-05:00,224.93,400.0,224.91,110,224.94,3
2017-01-03 13:34:59.052000-05:00,224.92,63.0,224.92,9,224.93,36
2017-01-03 13:35:05.264000-05:00,224.92,100.0,224.92,3,224.93,18
2017-01-03 13:35:18.293000-05:00,224.92,337.0,224.91,3,224.93,18
2017-01-03 13:36:02.942000-05:00,224.92,200.0,224.92,33,224.93,36
2017-01-03 13:36:02.952000-05:00,224.92,1200.0,224.92,4,224.93,18
2017-01-03 13:36:03.022000-05:00,224.92,400.0,224.91,6,224.925,19
2017-01-03 13:36:07.832000-05:00,224.91,100.0,224.91,2,224.92,1
2017-01-03 13:36:39.121000-05:00,224.92,200.0,224.91,32,224.93,18
2017-01-03 13:36:47.351000-05:00,224.92,100.0,224.91,114,224.93,20
2017-01-03 13:37:07.830000-05:00,224.92,200.0,224.91,32,224.93,18
2017-01-03 13:37:15.530000-05:00,224.92,100.0,224.92,1,224.93,18
2017-01-03 13:37:21.860000-05:00,224.92,100.0,224.91,33,224.93,18
2017-01-03 13:37:22.409000-05:00,224.93,1800.0,224.92,2,224.94,49
2017-01-03 13:37:30.010000-05:00,224.93,1000.0,224.925,40,224.94,18
2017-01-03 13:37:57.628000-05:00,224.92,1200.0,224.91,3,224.93,10
2017-01-03 13:37:57.639000-05:00,224.91,302.0,224.9,50,224.93,10
2017-01-03 13:38:24.239000-05:00,224.93,300.0,224.93,62,224.94,20
2017-01-03 13:38:31.389000-05:00,224.93,200.0,224.92,158,224.93999999999997,174
2017-01-03 13:38:34.689000-05:00,224.92,100.0,224.92,10,224.93,10
2017-01-03 13:39:16.997000-05:00,224.92,1189.0,224.91,10,224.93,10
2017-01-03 13:39:53.007000-05:00,224.93,1500.0,224.92,3,224.94,49
2017-01-03 13:40:51.204000-05:00,224.90625,7750.0,224.89,750,224.904,1202
2017-01-03 13:40:54.934000-05:00,224.89,1000.0,224.89,58,224.9,146
2017-01-03 13:41:02.204000-05:00,224.9,6100.0,224.89,544,224.9,555
2017-01-03 13:41:06.204000-05:00,224.9,1100.0,224.89,58,224.9,54
2017-01-03 13:41:08.194000-05:00,224.9,500.0,224.89,58,224.9,49
2017-01-03 13:41:08.984000-05:00,224.9,100.0,224.89,58,224.9,48
2017-01-03 13:41:10.314000-05:00,224.9,300.0,224.89,60,224.9,45
2017-01-03 13:41:11.304000-05:00,224.9,200.0,224.89,60,224.9,43
2017-01-03 13:41:12.014000-05:00,224.9,100.0,224.89,60,224.9,42
2017-01-03 13:41:16.044000-05:00,224.9,4250.0,224.89,60,224.93,6
2017-01-03 13:41:40.493000-05:00,224.92,100.0,224.9,46,224.93,24
2017-01-03 13:41:53.402000-05:00,224.9,6200.0,224.89,76,224.91500000000002,64
2017-01-03 13:41:59.133000-05:00,224.9,600.0,224.89,56,224.9,40
2017-01-03 13:42:26.911000-05:00,224.9,3000.0,224.89,61,224.9,40
2017-01-03 13:42:38.571000-05:00,224.89,1000.0,224.88,2,224.9,45
2017-01-03 13:42:40.712000-05:00,224.89,201.0,224.88,7,224.9,90
2017-01-03 13:43:07.940000-05:00,224.88,100.0,224.875,2,224.9,90
2017-01-03 13:43:44.969000-05:00,224.87,200.0,224.86,107,224.9,55
2017-01-03 13:44:00.868000-05:00,224.87,100.0,224.86,121,224.87,9
2017-01-03 13:44:03.189000-05:00,224.87,400.0,224.86,131,224.87,5
2017-01-03 13:44:13.578000-05:00,224.87,500.0,224.86,121,224.88,10
2017-01-03 13:44:33.868000-05:00,224.88,1000.0,224.88,14,224.9,110
2017-01-03 13:44:41.538000-05:00,224.9,1657.0,224.89,10,224.9,55
2017-01-03 13:45:13.837000-05:00,224.89,500.0,224.89,6,224.9,57
2017-01-03 13:46:01.336000-05:00,224.9,100.0,224.88,72,224.9,52
2017-01-03 13:46:23.065000-05:00,224.9,2243.0,224.88,73,224.9,52
2017-01-03 13:46:30.576000-05:00,224.9,3000.0,224.88,146,224.89,6
2017-01-03 13:47:12.844000-05:00,224.89,231.0,224.88,70,224.9,36
2017-01-03 13:47:27.554000-05:00,224.89,298.0,224.88,70,224.89,6
2017-01-03 13:47:51.216000-05:00,224.89,1473.0,224.88,70,224.9,36
2017-01-03 13:48:00.398000-05:00,224.9,3543.0,224.88714285714286,550,224.91428571428568,90
2017-01-03 13:48:09.864000-05:00,224.92,30.0,224.91,11,224.92,3
2017-01-03 13:48:35.965000-05:00,224.92,200.0,224.91,11,224.92,1
2017-01-03 13:48:43.824000-05:00,224.92,170.0,224.91,11,224.93,25
2017-01-03 13:49:28.563000-05:00,224.90333333333334,1800.0,224.9,55,224.93,25
2017-01-03 13:49:54.372000-05:00,224.93,600.0,224.925,100,224.94,12
2017-01-03 13:50:14.445000-05:00,224.94,1102.0,224.9333333333333,38,224.94999999999996,6
2017-01-03 13:50:27.852000-05:00,224.97,100.0,224.96,11,224.99,58
2017-01-03 13:50:42.741000-05:00,224.97,1000.0,224.965,12,224.98,40
2017-01-03 13:50:46.691000-05:00,224.98,2000.0,224.96,20,224.99,117
2017-01-03 13:51:16.880000-05:00,224.97,40.0,224.96,12,224.97,14
2017-01-03 13:51:37.640000-05:00,224.97,300.0,224.96,12,224.97,11
2017-01-03 13:51:37.830000-05:00,224.96,100.0,224.96,21,224.97,22
2017-01-03 13:52:03.528000-05:00,224.97,200.0,224.97,7,224.98,16
2017-01-03 13:52:05.228000-05:00,224.97,717.0,224.96,20,224.97,7
2017-01-03 13:52:06.311000-05:00,224.975,2583.0,224.96285714285713,320,224.97571428571428,85
2017-01-03 13:52:07.198000-05:00,224.98,500.0,224.9611111111111,450,224.99222222222224,294
2017-01-03 13:52:13.388000-05:00,224.98,100.0,224.95,70,224.98,2
2017-01-03 13:54:35.144000-05:00,224.97,1000.0,224.97,12,224.99,40
2017-01-03 13:55:15.175000-05:00,225.0,400.0,224.98,71,225.0,1
2017-01-03 13:55:16.775000-05:00,225.0,101.0,224.98,71,225.01,11
2017-01-03 13:55:26.405000-05:00,225.0,450.0,224.99,5,225.01,11
2017-01-03 13:55:26.484000-05:00,224.99,500.0,224.98,92,225.01,11
2017-01-03 13:55:30.436000-05:00,224.9875,1451.0,224.97357142857143,255,225.0064285714286,504
2017-01-03 13:55:30.524000-05:00,224.98,500.0,224.98,40,225.01,11
2017-01-03 13:55:31.095000-05:00,224.98,1.0,224.97266666666667,425,225.00733333333332,301
2017-01-03 13:55:32.894000-05:00,224.98,2500.0,224.9725,757,225.00333333333333,211
2017-01-03 13:56:14.803000-05:00,225.0,400.0,224.98,114,225.0,12
2017-01-03 13:56:26.073000-05:00,225.0,301.0,225.0,14,225.01,22
2017-01-03 13:56:26.143000-05:00,225.0,400.0,225.0,4,225.01,11
2017-01-03 13:56:44.363000-05:00,225.01,500.0,225.0,12,225.01,6
2017-01-03 13:56:45.903000-05:00,225.01,500.0,225.0,12,225.01,1
2017-01-03 13:56:47.942000-05:00,225.01,100.0,225.0,12,225.02,101
2017-01-03 13:57:10.032000-05:00,225.00333333333333,514.0,225.0,6,225.02,101
2017-01-03 13:57:10.042000-05:00,225.0,500.0,225.0,1,225.02,101
2017-01-03 13:57:11.652000-05:00,225.0,195.0,224.98,57,225.02,101
2017-01-03 13:57:28.541000-05:00,225.015,500.0,224.99,10,225.02,96
2017-01-03 13:58:10.190000-05:00,225.0,550.0,224.99,42,225.01,2
2017-01-03 13:58:45.789000-05:00,225.005,650.0,224.99769230769232,837,225.01000000000002,130
2017-01-03 13:59:51.068000-05:00,224.99,227.0,224.98,609,224.99714285714285,122
2017-01-03 14:00:11.386000-05:00,225.02,2700.0,225.01,191,225.02,81
2017-01-03 14:00:41.385000-05:00,225.02,770.0,225.01,67,225.02,3
2017-01-03 14:00:43.715000-05:00,225.02,315.0,225.01,57,225.05,61
2017-01-03 14:01:31.395000-05:00,225.03000000000003,11689.0,225.019,427,225.038,660
2017-01-03 14:02:02.604000-05:00,225.05,100.0,225.04,10,225.07,105
2017-01-03 14:03:57.271000-05:00,225.05,1000.0,225.04,81,225.05000000000004,560
2017-01-03 14:03:59.540000-05:00,225.04,2200.0,225.03,258,225.04,81
2017-01-03 14:04:06.179000-05:00,225.03,3299.0,225.03,48,225.07,105
2017-01-03 14:04:44.761000-05:00,225.03,300.0,225.02,1,225.04,10
2017-01-03 14:04:52.842000-05:00,225.0525,1105.0,225.02235294117648,660,225.06176470588235,716
2017-01-03 14:05:21.094000-05:00,225.06,1.0,225.06,1,225.07,65
2017-01-03 14:05:26.812000-05:00,225.06,1399.0,225.04000000000002,320,225.07,365
2017-01-03 14:07:26.761000-05:00,225.04,600.0,225.04,4,225.07,105
2017-01-03 14:07:58.180000-05:00,225.04,500.0,225.04,3,225.06,20
2017-01-03 14:08:02.660000-05:00,225.04,100.0,225.03,75,225.07,105
2017-01-03 14:08:42.665000-05:00,225.01,2.0,225.0,90,225.02833333333334,360
2017-01-03 14:08:42.760000-05:00,225.0,350.0,224.98,5,225.01,10
2017-01-03 14:10:45.522000-05:00,224.98,100.0,224.973,982,225.0085,792
2017-01-03 14:10:54.831000-05:00,224.99,100.0,224.98,86,224.99,1
2017-01-03 14:10:59.387000-05:00,224.99,100.0,224.98,86,224.99,2
2017-01-03 14:11:00.478000-05:00,224.99,218.0,224.98,86,224.99,1
2017-01-03 14:11:06.938000-05:00,224.99,100.0,224.98,86,224.99,1
2017-01-03 14:11:07.788000-05:00,224.99333333333334,601.0,224.99,91,225.01,40
2017-01-03 14:11:11.757000-05:00,225.0,500.0,224.99333333333334,95,225.01,60
2017-01-03 14:11:12.031000-05:00,224.995,800.0,224.97875,94,224.99625,204
2017-01-03 14:11:12.097000-05:00,224.98,600.0,224.98,78,225.01,20
2017-01-03 14:12:21.536000-05:00,224.96,301.0,224.95,70,224.99,14
2017-01-03 14:12:21.546000-05:00,224.95,2400.0,224.94999999999996,186,224.99,42
2017-01-03 14:13:13.195000-05:00,224.97,100.0,224.95,32,224.97,1
2017-01-03 14:13:24.467000-05:00,224.965,2100.0,224.95666666666668,166,224.98,42
2017-01-03 14:14:30.483000-05:00,224.98,100.0,224.97,10,224.98,5
2017-01-03 14:14:38.263000-05:00,224.95,1401.0,224.94,115,224.98,5
2017-01-03 14:14:38.273000-05:00,224.94999999999996,7200.0,224.95,1,224.98,5
2017-01-03 14:14:58.594000-05:00,224.97,1.0,224.96166666666667,315,224.9775,48
2017-01-03 14:15:00.012000-05:00,224.97,154.0,224.97,138,224.98,10
2017-01-03 14:15:41.411000-05:00,224.98,400.0,224.95,92,224.98,97
2017-01-03 14:16:22.999000-05:00,224.95,1.0,224.93,32,224.95,2
2017-01-03 14:16:40.809000-05:00,224.93,299.0,224.93,32,224.96,54
2017-01-03 14:16:46.421000-05:00,224.95,500.0,224.93928571428572,612,224.95571428571427,173
2017-01-03 14:16:47.439000-05:00,224.95,199.0,224.94,450,224.974,225
2017-01-03 14:16:49.319000-05:00,224.96,24.0,224.94285714285712,628,224.9742857142857,733
2017-01-03 14:18:02.589000-05:00,224.97,1.0,224.94999999999996,210,224.97666666666666,83
2017-01-03 14:18:06.607000-05:00,224.97,150.0,224.97,236,224.98,2
2017-01-03 14:18:08.957000-05:00,224.985,101.0,224.9775,225,225.0075,160
2017-01-03 14:18:40.018000-05:00,224.96,1.0,224.94999999999996,46,224.98,185
2017-01-03 14:18:40.786000-05:00,224.95,200.0,224.95,84,224.98,40
2017-01-03 14:19:00.578000-05:00,224.94,200.0,224.9375,94,224.95,4
2017-01-03 14:19:00.936000-05:00,224.95,199.0,224.94727272727275,328,224.9709090909091,505
2017-01-03 14:19:12.477000-05:00,224.97,1.0,224.96555555555557,408,224.98333333333332,111
2017-01-03 14:19:14.516000-05:00,224.99,1.0,224.98,42,225.01,100
2017-01-03 14:19:17.296000-05:00,224.98,3500.0,224.98,7,225.0,35
2017-01-03 14:19:20.415000-05:00,224.985,392.0,224.97,136,225.0,35
2017-01-03 14:19:28.927000-05:00,224.97,300.0,224.95499999999998,215,224.98,70
2017-01-03 14:20:01.204000-05:00,224.96,44.0,224.96,9,224.99,55
2017-01-03 14:20:43.684000-05:00,224.97,100.0,224.9675,682,224.995,642
2017-01-03 14:20:50.183000-05:00,225.0,4001.0,224.97,71,225.01,40
2017-01-03 14:20:50.353000-05:00,224.98,2101.0,224.97,71,225.0,20
2017-01-03 14:20:55.083000-05:00,224.97,3000.0,224.96599999999998,364,225.0,250
2017-01-03 14:20:56.072000-05:00,224.97,5000.0,224.96,111,225.0,50
2017-01-03 14:20:58.072000-05:00,224.9525,3102.0,224.94,90,224.98,50
2017-01-03 14:21:07.743000-05:00,224.97,4001.0,224.97,2,224.98,65
2017-01-03 14:21:10.083000-05:00,224.97,999.0,224.945,110,224.98,130
2017-01-03 14:21:15.093000-05:00,224.96,1500.0,224.95,65,224.98,130
2017-01-03 14:21:19.083000-05:00,224.94999999999996,4001.0,224.94,90,224.98,65
2017-01-03 14:21:37.092000-05:00,224.94,3000.0,224.94,220,224.98,140
2017-01-03 14:22:00.636000-05:00,224.97,1.0,224.96300000000002,235,224.99699999999999,430
2017-01-03 14:23:01.235000-05:00,224.98,46.0,224.975,51,225.01,140
2017-01-03 14:23:13.424000-05:00,224.99,1.0,224.98,141,225.0,300
2017-01-03 14:23:19.394000-05:00,225.0,1000.0,224.99,170,225.0,91
2017-01-03 14:23:21.003000-05:00,225.0,2000.0,224.99,360,225.0,162
2017-01-03 14:23:27.713000-05:00,225.0,300.0,224.99,170,225.0,67
2017-01-03 14:23:31.363000-05:00,225.0,1000.0,224.99,170,225.0,57
2017-01-03 14:23:34.472000-05:00,225.0,5701.0,224.99,925,225.01,120
2017-01-03 14:23:34.473000-05:00,225.03,3.0,225.00307692307692,741,225.0476923076923,440
2017-01-03 14:23:54.983000-05:00,225.02,181.0,225.01,3,225.03,50
2017-01-03 14:23:55.001000-05:00,225.03,5000.0,225.01,3,225.04,90
2017-01-03 14:24:10.132000-05:00,225.03,100.0,225.01,2,225.04,138
2017-01-03 14:25:33.730000-05:00,225.04,200.0,225.03,70,225.05,8
2017-01-03 14:25:36.509000-05:00,225.05,700.0,225.04,2,225.055,92
2017-01-03 14:25:38.060000-05:00,225.05,900.0,225.04,2,225.05,7
2017-01-03 14:25:41.560000-05:00,225.05,100.0,225.04,30,225.06,90
2017-01-03 14:26:28.467000-05:00,225.02,600.0,225.02,34,225.04,97
2017-01-03 14:26:40.188000-05:00,225.04,1000.0,225.02,69,225.04,314
2017-01-03 14:26:41.237000-05:00,225.04,1000.0,225.02,34,225.04,147
2017-01-03 14:26:41.968000-05:00,225.02,100.0,225.02,33,225.04,147
2017-01-03 14:26:42.207000-05:00,225.02,100.0,225.02,32,225.04,147
2017-01-03 14:26:42.608000-05:00,225.02,100.0,225.02,31,225.04,147
2017-01-03 14:26:43.338000-05:00,225.02,100.0,225.02,30,225.04,147
2017-01-03 14:26:46.867000-05:00,225.04,3627.0,225.02200000000002,512,225.04000000000002,305
2017-01-03 14:26:46.868000-05:00,225.04,556.0,225.03,40,225.04,14
2017-01-03 14:26:57.397000-05:00,225.05,100.0,225.04,271,225.06,2
2017-01-03 14:27:08.047000-05:00,225.05,100.0,225.04000000000002,1524,225.055,24
2017-01-03 14:27:09.717000-05:00,225.07,900.0,225.06,37,225.07,36
2017-01-03 14:27:10.426000-05:00,225.07,900.0,225.06,37,225.07,27
2017-01-03 14:27:12.627000-05:00,225.07,900.0,225.06,74,225.07,18
2017-01-03 14:27:12.776000-05:00,225.06,2500.0,225.06,158,225.07,420
2017-01-03 14:27:13.467000-05:00,225.07,900.0,225.06,53,225.07,9
2017-01-03 14:27:13.746000-05:00,225.06,2300.0,225.05,313,225.07,97
2017-01-03 14:27:14.496000-05:00,225.06,1000.0,225.04625000000001,436,225.065,1180
2017-01-03 14:27:17.256000-05:00,225.04,300.0,225.04,27,225.05333333333337,108
2017-01-03 14:27:23.746000-05:00,225.04,1201.0,225.02769230769232,452,225.04538461538462,658
2017-01-03 14:27:44.436000-05:00,225.02333333333334,1400.0,225.02,66,225.03666666666666,340
2017-01-03 14:27:55.855000-05:00,225.02,500.0,225.02,16,225.04,169
2017-01-03 14:28:03.345000-05:00,225.04,400.0,225.02,56,225.04,329
2017-01-03 14:28:04.935000-05:00,225.02,1000.0,225.02,3,225.03,10
2017-01-03 14:28:05.725000-05:00,225.02,100.0,225.02,4,225.03,22
2017-01-03 14:28:14.844000-05:00,225.04,500.0,225.03076923076924,153,225.0492307692308,1656
2017-01-03 14:28:27.474000-05:00,225.05,500.0,225.04,144,225.0583333333333,532
2017-01-03 14:28:28.888000-05:00,225.04,500.0,225.03714285714287,165,225.05,90
2017-01-03 14:28:28.897000-05:00,225.04,500.0,225.0325,170,225.05,56
2017-01-03 14:28:41.537000-05:00,225.06000000000003,500.0,225.04,32,225.06,7
2017-01-03 14:28:48.387000-05:00,225.06,200.0,225.04,17,225.06,9
2017-01-03 14:28:58.017000-05:00,225.04,501.0,225.0375,77,225.0575,232
2017-01-03 14:28:58.026000-05:00,225.04,500.0,225.02937500000002,217,225.04500000000002,1246
2017-01-03 14:29:01.066000-05:00,225.02,40.0,225.02,24,225.04,114
2017-01-03 14:29:03.877000-05:00,225.04,90.0,225.02,10,225.04,114
2017-01-03 14:29:07.944000-05:00,225.01,1000.0,225.01,30,225.02,158
2017-01-03 14:29:13.036000-05:00,225.01,40.0,225.01,29,225.02,178
2017-01-03 14:29:24.196000-05:00,225.02,18445.0,225.01,104,225.03,497
2017-01-03 14:29:26.346000-05:00,225.02,4000.0,225.01333333333332,132,225.02666666666667,155
2017-01-03 14:29:27.686000-05:00,225.02,500.0,225.01,91,225.02,35
2017-01-03 14:29:27.796000-05:00,225.02,3500.0,225.01800000000003,119,225.036,345
2017-01-03 14:29:29.285000-05:00,225.01,500.0,225.01,79,225.02,390
2017-01-03 14:29:30.155000-05:00,225.01,2662.0,225.0,17,225.02,130
2017-01-03 14:29:31.086000-05:00,225.0,200.0,224.99,41,225.02,422
2017-01-03 14:29:32.086000-05:00,224.99,4200.0,224.98,421,225.01,40
2017-01-03 14:29:33.073000-05:00,224.99,1700.0,224.98,294,225.01,52
2017-01-03 14:29:34.075000-05:00,224.99,1000.0,224.985,157,225.01,54
2017-01-03 14:29:50.082000-05:00,225.0,4000.0,224.99,24,225.01,28
2017-01-03 14:29:50.345000-05:00,225.01,1300.0,224.99,12,225.02,142
2017-01-03 14:29:50.355000-05:00,225.01,200.0,224.99,34,225.02,309
2017-01-03 14:29:51.092000-05:00,224.99,1700.0,224.98,591,225.01,29
2017-01-03 14:29:53.075000-05:00,224.98,7300.0,224.98,248,225.005,29
2017-01-03 14:29:55.122000-05:00,224.98,60.0,224.97,5,224.98,1
2017-01-03 14:29:56.692000-05:00,225.00833333333333,2001.0,224.9972222222222,1436,225.01388888888889,493
2017-01-03 14:29:57.205000-05:00,225.03,500.0,225.02,2,225.03,35
2017-01-03 14:29:57.255000-05:00,225.03,1000.0,225.02,2,225.03,25
2017-01-03 14:29:59.494000-05:00,225.02,500.0,225.01,42,225.03,124
2017-01-03 14:29:59.612000-05:00,225.03,200.0,225.02,754,225.03,211
2017-01-03 14:29:59.622000-05:00,225.03,2300.0,225.025,84,225.05,70
2017-01-03 14:29:59.705000-05:00,225.03,888.0,225.03,292,225.04,12
2017-01-03 14:30:00.773000-05:00,225.075,800.0,225.0609090909091,467,225.0845454545455,746
2017-01-03 14:30:00.783000-05:00,225.065,200.0,225.06375,43,225.08125,261
2017-01-03 14:30:00.822000-05:00,225.08,1200.0,225.07,14,225.08,22
2017-01-03 14:30:00.851000-05:00,225.07000000000002,5054.0,225.06,33,225.08,20
2017-01-03 14:30:00.863000-05:00,225.06,1710.0,225.05,170,225.08,10
2017-01-03 14:30:00.974000-05:00,225.09,1200.0,225.07,408,225.095,172
2017-01-03 14:30:00.977000-05:00,225.1,100.0,225.07,112,225.1,71
2017-01-03 14:30:00.985000-05:00,225.1,200.0,225.07,122,225.1,71
2017-01-03 14:30:01.043000-05:00,225.08,593.0,225.08,4,225.1,71
2017-01-03 14:30:01.124000-05:00,225.1,100.0,225.07,102,225.1,70
2017-01-03 14:30:01.182000-05:00,225.09,120.0,225.08,2,225.09,48
2017-01-03 14:30:01.193000-05:00,225.075,1200.0,225.07,20,225.09,96
2017-01-03 14:30:01.194000-05:00,225.06,1000.0,225.0566666666667,188,225.09,164
2017-01-03 14:30:01.323000-05:00,225.08,1000.0,225.06,40,225.09,139
2017-01-03 14:30:01.332000-05:00,225.09,608.0,225.06,269,225.09375,645
2017-01-03 14:30:01.352000-05:00,225.09,1608.0,225.07,35,225.09,222
2017-01-03 14:30:01.362000-05:00,225.09,1501.0,225.07,11,225.1,84
2017-01-03 14:30:01.493000-05:00,225.08,600.0,225.07,30,225.08800000000002,183
2017-01-03 14:30:01.572000-05:00,225.075,200.0,225.07,3,225.1,163
2017-01-03 14:30:01.632000-05:00,225.08,400.0,225.0683333333333,62,225.08333333333334,126
2017-01-03 14:30:01.772000-05:00,225.09,100.0,225.07,14,225.09,48
2017-01-03 14:30:01.872000-05:00,225.08,1039.0,225.08,49,225.09,6
2017-01-03 14:30:01.931000-05:00,225.09,159.0,225.08,19,225.09,1
2017-01-03 14:30:02.012000-05:00,225.09,141.0,225.08,57,225.09333333333333,88
2017-01-03 14:30:02.052000-05:00,225.09,185.0,225.08,38,225.09,5
2017-01-03 14:30:02.092000-05:00,225.085,800.0,225.08,61,225.09666666666666,172
2017-01-03 14:30:02.132000-05:00,225.08,100.0,225.07000000000002,77,225.09,34
2017-01-03 14:30:02.171000-05:00,225.07000000000002,1900.0,225.07,350,225.0957142857143,348
2017-01-03 14:30:02.522000-05:00,225.09,400.0,225.0814285714286,1328,225.09857142857143,468
2017-01-03 14:30:02.523000-05:00,225.1,3500.0,225.09,982,225.1,314
2017-01-03 14:30:02.533000-05:00,225.1,6080.0,225.09,1806,225.1,64
2017-01-03 14:30:02.552000-05:00,225.1,182.0,225.09,332,225.1042857142857,29
2017-01-03 14:30:02.631000-05:00,225.11,500.0,225.1,108,225.115,53
2017-01-03 14:30:02.641000-05:00,225.11,800.0,225.1,348,225.1175,284
2017-01-03 14:30:03.052000-05:00,225.1,1000.0,225.09,16,225.11,20
2017-01-03 14:30:03.171000-05:00,225.09,3460.0,225.09,55,225.11,1348
2017-01-03 14:30:03.244000-05:00,225.09,1340.0,225.08,8,225.09,91
2017-01-03 14:30:03.335000-05:00,225.08,100.0,225.08,3,225.09,60
2017-01-03 14:30:03.345000-05:00,225.08,200.0,225.08,2,225.09,115
2017-01-03 14:30:03.404000-05:00,225.08,100.0,225.07000000000002,6,225.09,95
2017-01-03 14:30:03.442000-05:00,225.08,100.0,225.08,9,225.09,50
2017-01-03 14:30:03.452000-05:00,225.08,300.0,225.07666666666668,8,225.09,75
2017-01-03 14:30:03.592000-05:00,225.085,2200.0,225.07500000000002,79,225.095,115
2017-01-03 14:30:03.891000-05:00,225.09,200.0,225.09,16,225.1,15
2017-01-03 14:30:03.991000-05:00,225.09,200.0,225.085,2,225.1,10
2017-01-03 14:30:04.091000-05:00,225.09,200.0,225.09,2,225.1,75
2017-01-03 14:30:04.171000-05:00,225.09,100.0,225.08,1,225.1,155
2017-01-03 14:30:04.212000-05:00,225.08,100.0,225.07125,33,225.0875,143
2017-01-03 14:30:04.445000-05:00,225.07,100.0,225.07,3,225.08,5
2017-01-03 14:30:04.456000-05:00,225.07,100.0,225.07,2,225.08,5
2017-01-03 14:30:04.801000-05:00,225.08,600.0,225.075,111,225.096,667
2017-01-03 14:30:05.582000-05:00,225.09,200.0,225.08,18,225.09,16
2017-01-03 14:30:05.591000-05:00,225.09,600.0,225.08,40,225.1,460
2017-01-03 14:30:06.141000-05:00,225.08,300.0,225.08,15,225.09,50
2017-01-03 14:30:06.142000-05:00,225.08,702.0,225.0675,110,225.09,288
2017-01-03 14:30:06.152000-05:00,225.08,300.0,225.06,90,225.09,251
2017-01-03 14:30:06.468000-05:00,225.08,1100.0,225.06875,35,225.08875,267
2017-01-03 14:30:06.902000-05:00,225.08,50.0,225.07,5,225.08,6
2017-01-03 14:30:06.982000-05:00,225.08,50.0,225.07,7,225.08,1
2017-01-03 14:30:06.992000-05:00,225.08,34.0,225.07,14,225.09,50
2017-01-03 14:30:07.188000-05:00,225.08,566.0,225.07,6,225.09,20
2017-01-03 14:30:07.367000-05:00,225.07,38.0,225.07,3,225.08,11
2017-01-03 14:30:08.107000-05:00,225.07,1652.0,225.0638888888889,277,225.08,122
2017-01-03 14:30:08.181000-05:00,225.07,500.0,225.06,40,225.08,17
2017-01-03 14:30:08.388000-05:00,225.06,2753.0,225.06,66,225.07,10
2017-01-03 14:30:09.517000-05:00,225.07166666666663,262.0,225.07000000000002,47,225.08,28
2017-01-03 14:30:10.092000-05:00,225.075,100.0,225.07,182,225.07999999999998,561
2017-01-03 14:30:10.162000-05:00,225.07,1100.0,225.07,66,225.08,212
2017-01-03 14:30:10.171000-05:00,225.07,500.0,225.06000000000003,100,225.07666666666668,287
2017-01-03 14:30:10.172000-05:00,225.06,500.0,225.05333333333337,37,225.07000000000002,182
2017-01-03 14:30:10.242000-05:00,225.06,100.0,225.05,16,225.07,143
2017-01-03 14:30:10.261000-05:00,225.06,1200.0,225.05,22,225.07,266
2017-01-03 14:30:10.301000-05:00,225.06,500.0,225.06,12,225.07,260
2017-01-03 14:30:11.448000-05:00,225.055,1927.0,225.05,134,225.07,1133
2017-01-03 14:30:11.452000-05:00,225.05,98.0,225.04347826086956,103,225.06,734
2017-01-03 14:30:11.462000-05:00,225.05,200.0,225.04,46,225.05454545454543,1028
2017-01-03 14:30:11.501000-05:00,225.04,201.0,225.03,117,225.04666666666668,1276
2017-01-03 14:30:11.751000-05:00,225.04,684.0,225.03,20,225.04,21
2017-01-03 14:30:11.769000-05:00,225.04,100.0,225.03000000000003,23,225.044,428
2017-01-03 14:30:12.081000-05:00,225.04,250.0,225.035,72,225.04625000000001,377
2017-01-03 14:30:12.091000-05:00,225.05,800.0,225.04,10,225.05,132
2017-01-03 14:30:12.099000-05:00,225.05,1200.0,225.04,5,225.05,62
2017-01-03 14:30:12.101000-05:00,225.05,1000.0,225.04,23,225.05000000000004,110
2017-01-03 14:30:12.109000-05:00,225.05,2200.0,225.04,25,225.05,36
2017-01-03 14:30:12.159000-05:00,225.04,400.0,225.031,37,225.045,160
2017-01-03 14:30:12.269000-05:00,225.04,200.0,225.03,58,225.04142857142855,202
2017-01-03 14:30:12.449000-05:00,225.04,400.0,225.03,5,225.05,152
2017-01-03 14:30:12.822000-05:00,225.03,500.0,225.02916666666667,79,225.04083333333332,256
2017-01-03 14:30:12.849000-05:00,225.03,400.0,225.03,16,225.0425,219
2017-01-03 14:30:12.869000-05:00,225.03,800.0,225.025,128,225.0425,438
2017-01-03 14:30:12.871000-05:00,225.0375,800.0,225.02625,107,225.04625000000001,1059
2017-01-03 14:30:12.889000-05:00,225.03000000000003,610.0,225.02526315789476,287,225.0442105263158,1717
2017-01-03 14:30:12.960000-05:00,225.04,200.0,225.03,35,225.04,83
2017-01-03 14:30:13.232000-05:00,225.04,100.0,225.03,8,225.05,183
2017-01-03 14:30:13.322000-05:00,225.04,300.0,225.03,8,225.05,180
2017-01-03 14:30:13.710000-05:00,225.04,300.0,225.03,44,225.05,714
2017-01-03 14:30:14.322000-05:00,225.05,500.0,225.04,269,225.05230769230772,117
2017-01-03 14:30:14.351000-05:00,225.06,298.0,225.0581818181818,52,225.07,222
2017-01-03 14:30:14.541000-05:00,225.06,403.0,225.05090909090907,157,225.06272727272727,68
2017-01-03 14:30:14.662000-05:00,225.065,1000.0,225.04476190476188,566,225.06142857142856,2695
2017-01-03 14:30:14.670000-05:00,225.05,100.0,225.04,207,225.06,1083
2017-01-03 14:30:14.671000-05:00,225.05,200.0,225.04,69,225.06000000000003,342
2017-01-03 14:30:14.729000-05:00,225.04,1001.0,225.03444444444443,105,225.04555555555555,180
2017-01-03 14:30:15.059000-05:00,225.05,2500.0,225.035,56,225.05,357
2017-01-03 14:30:15.271000-05:00,225.06,400.0,225.05,18,225.06,46
2017-01-03 14:30:15.761000-05:00,225.06,300.0,225.05125,83,225.06375,306
2017-01-03 14:30:15.801000-05:00,225.05000000000004,1500.0,225.04291666666666,454,225.0583333333333,253
2017-01-03 14:30:15.902000-05:00,225.05,2000.0,225.04,222,225.05153846153846,1480
2017-01-03 14:30:15.909000-05:00,225.05,100.0,225.04,74,225.05,202
2017-01-03 14:30:15.921000-05:00,225.05,400.0,225.0411111111111,166,225.05888888888887,106
2017-01-03 14:30:17.130000-05:00,225.06,90.0,225.05,13,225.06,3
2017-01-03 14:30:17.861000-05:00,225.05,1800.0,225.04299999999998,228,225.064,192
2017-01-03 14:30:18.059000-05:00,225.05,100.0,225.04,32,225.06,7
2017-01-03 14:30:18.519000-05:00,225.05166666666665,800.0,225.04666666666665,179,225.0583333333333,55
2017-01-03 14:30:18.529000-05:00,225.04,1801.0,225.04,460,225.05166666666665,32
2017-01-03 14:30:18.531000-05:00,225.04000000000002,1400.0,225.04000000000002,230,225.05,30
2017-01-03 14:30:18.880000-05:00,225.05,100.0,225.04,92,225.055,17
2017-01-03 14:30:19.189000-05:00,225.0425,3600.0,225.04,124,225.05,20
2017-01-03 14:30:19.451000-05:00,225.05,400.0,225.046,72,225.058,68
2017-01-03 14:30:19.850000-05:00,225.0525,500.0,225.05000000000004,22,225.06000000000003,62
2017-01-03 14:30:20.069000-05:00,225.04,440.0,225.04,88,225.05,618
2017-01-03 14:30:20.461000-05:00,225.04,160.0,225.04,4,225.05,434
2017-01-03 14:30:20.721000-05:00,225.05,40.0,225.04,5,225.05,436
2017-01-03 14:30:20.741000-05:00,225.04000000000002,584.0,225.03666666666666,176,225.05,1228
2017-01-03 14:30:20.750000-05:00,225.04,100.0,225.03,126,225.05,284
2017-01-03 14:30:22.891000-05:00,225.04166666666666,400.0,225.032,82,225.048,1333
2017-01-03 14:30:22.969000-05:00,225.04,200.0,225.03,2,225.04,23
2017-01-03 14:30:23-05:00,225.04,300.0,225.03000000000003,30,225.042,169
2017-01-03 14:30:23.831000-05:00,225.05,100.0,225.04,268,225.05,34
2017-01-03 14:30:24.151000-05:00,225.05,100.0,225.04000000000002,408,225.052,77
2017-01-03 14:30:24.270000-05:00,225.04,800.0,225.03,145,225.04857142857145,782
2017-01-03 14:30:24.290000-05:00,225.04,300.0,225.03,80,225.04,47
2017-01-03 14:30:24.671000-05:00,225.04,300.0,225.03666666666666,38,225.04833333333332,703
2017-01-03 14:30:25.441000-05:00,225.0425,300.0,225.035,16,225.05,278
2017-01-03 14:30:25.449000-05:00,225.04,600.0,225.03,67,225.04399999999998,1087
2017-01-03 14:30:25.949000-05:00,225.03,200.0,225.02238095238096,175,225.03571428571428,412
2017-01-03 14:30:25.999000-05:00,225.03,400.0,225.02,20,225.03,10
2017-01-03 14:30:26.401000-05:00,225.03,200.0,225.02000000000004,121,225.036,55
2017-01-03 14:30:26.461000-05:00,225.03,800.0,225.02857142857144,67,225.04,64
2017-01-03 14:30:26.471000-05:00,225.03,678.0,225.02800000000002,49,225.04000000000002,60
2017-01-03 14:30:26.481000-05:00,225.03,400.0,225.02666666666667,88,225.04,72
2017-01-03 14:30:26.689000-05:00,225.04700000000003,12600.0,225.03,23,225.04666666666665,106
2017-01-03 14:30:26.691000-05:00,225.04833333333332,1750.0,225.03379310344826,296,225.0448275862069,192
2017-01-03 14:30:26.709000-05:00,225.03,100.0,225.03,20,225.04,24
2017-01-03 14:30:26.719000-05:00,225.04,848.0,225.03000000000003,37,225.046,34
2017-01-03 14:30:27.699000-05:00,225.05,100.0,225.04,137,225.06,38
2017-01-03 14:30:29.279000-05:00,225.04,892.0,225.04,7,225.05,47
2017-01-03 14:30:29.281000-05:00,225.04,8.0,225.03076923076924,241,225.04384615384618,345
2017-01-03 14:30:29.369000-05:00,225.04,500.0,225.03000000000003,37,225.04000000000002,111
2017-01-03 14:30:29.591000-05:00,225.03,900.0,225.021875,138,225.0325,920
2017-01-03 14:30:29.651000-05:00,225.02,210.0,225.01,151,225.03000000000003,611
2017-01-03 14:30:30.520000-05:00,225.02000000000004,7235.0,225.01,486,225.03333333333333,109
2017-01-03 14:30:30.531000-05:00,225.02,1200.0,225.01636363636362,366,225.03,118
2017-01-03 14:30:30.539000-05:00,225.02,1565.0,225.01666666666668,275,225.03,64
2017-01-03 14:30:30.609000-05:00,225.02,1400.0,225.01166666666666,149,225.02166666666668,149
2017-01-03 14:30:31.731000-05:00,225.01,943.0,225.00500000000002,213,225.01500000000001,767
2017-01-03 14:30:33.200000-05:00,225.01,100.0,225.0025,106,225.02,182
2017-01-03 14:30:33.201000-05:00,225.0,1479.0,224.99645161290323,443,225.00935483870967,1372
2017-01-03 14:30:33.269000-05:00,224.99,200.0,224.99,25,225.0,235
2017-01-03 14:30:33.279000-05:00,224.99,635.0,224.984,177,224.998,419
2017-01-03 14:30:34.051000-05:00,224.99,300.0,224.98,66,224.99,106
2017-01-03 14:30:34.060000-05:00,224.99,400.0,224.98,12,224.99,7
2017-01-03 14:30:34.781000-05:00,224.98,23.0,224.98,11,224.99,140
2017-01-03 14:30:34.782000-05:00,224.97999999999996,222.0,224.97115384615384,132,224.9826923076923,1934
2017-01-03 14:30:34.791000-05:00,224.97,150.0,224.97,31,224.98,528
2017-01-03 14:30:34.901000-05:00,224.97,302.0,224.96,116,224.97181818181818,557
2017-01-03 14:30:34.981000-05:00,224.96,500.0,224.9509090909091,122,224.96454545454546,361
2017-01-03 14:30:35.099000-05:00,224.96,653.0,224.95,184,224.96555555555557,358
2017-01-03 14:30:35.230000-05:00,224.97,1100.0,224.96,26,224.97,67
2017-01-03 14:30:35.550000-05:00,224.95285714285714,1087.0,224.9475,361,224.96083333333334,164
2017-01-03 14:30:35.569000-05:00,224.95,1006.0,224.94714285714284,182,224.96,42
2017-01-03 14:30:35.701000-05:00,224.95,400.0,224.94272727272727,209,224.96,201
2017-01-03 14:30:35.819000-05:00,224.96,100.0,224.95,16,224.96,7
2017-01-03 14:30:36.060000-05:00,224.96,100.0,224.95374999999999,61,224.97,396
2017-01-03 14:30:36.220000-05:00,224.94999999999996,600.0,224.94407407407405,1120,224.95444444444442,773
2017-01-03 14:30:36.281000-05:00,224.93999999999997,400.0,224.93500000000003,91,224.94999999999996,286
2017-01-03 14:30:36.720000-05:00,224.96,585.0,224.95,158,224.96375,159
2017-01-03 14:30:36.830000-05:00,224.96,100.0,224.95,13,224.96,5
2017-01-03 14:30:37.120000-05:00,224.95,100.0,224.94538461538463,397,224.95538461538462,202
2017-01-03 14:30:37.150000-05:00,224.95,100.0,224.946,236,224.958,87
2017-01-03 14:30:37.580000-05:00,224.96,100.0,224.94999999999996,111,224.96833333333333,272
2017-01-03 14:30:38.149000-05:00,224.96,300.0,224.96,2,224.97,75
2017-01-03 14:30:38.189000-05:00,224.96,100.0,224.96,1,224.97,75
2017-01-03 14:30:39.541000-05:00,224.97,4100.0,224.96,1611,224.97257142857143,565
2017-01-03 14:30:39.581000-05:00,224.98,100.0,224.9746153846154,191,224.98999999999998,288
2017-01-03 14:30:39.590000-05:00,224.98,100.0,224.97,24,224.99,29
2017-01-03 14:30:40.120000-05:00,224.98,200.0,224.97999999999996,115,224.99,30
2017-01-03 14:30:40.551000-05:00,224.99,264.0,224.97999999999996,343,224.994,86
2017-01-03 14:30:40.570000-05:00,225.0,445.0,224.98749999999998,1388,225.00249999999997,264
2017-01-03 14:30:41.091000-05:00,224.99,300.0,224.99,49,225.0,352
2017-01-03 14:30:41.921000-05:00,225.0,4688.0,224.99000000000004,244,225.0,241
2017-01-03 14:30:41.930000-05:00,225.0,100.0,224.99,747,225.00444444444443,65
2017-01-03 14:30:41.951000-05:00,225.0,200.0,224.99916666666664,57,225.01,451
2017-01-03 14:30:42.020000-05:00,224.99,1600.0,224.99,11,225.0,12
2017-01-03 14:30:42.870000-05:00,224.99,100.0,224.986,247,225.0,1707
2017-01-03 14:30:42.919000-05:00,224.99,100.0,224.99,9,225.0,71
2017-01-03 14:30:43.050000-05:00,224.99,100.0,224.99,9,225.0,70
2017-01-03 14:30:43.081000-05:00,224.99,384.0,224.99,15,225.0,212
2017-01-03 14:30:43.199000-05:00,224.99,130.0,224.99,6,225.0,142
2017-01-03 14:30:43.251000-05:00,225.0,100.0,224.99,38,225.0,158
2017-01-03 14:30:46.971000-05:00,224.98464285714286,4430.0,224.98,434,224.99125,185
2017-01-03 14:30:46.989000-05:00,224.98,1385.0,224.97933333333333,217,224.99000000000004,118
2017-01-03 14:30:47.310000-05:00,224.98,100.0,224.97083333333333,412,224.98444444444442,2139
2017-01-03 14:30:48.131000-05:00,224.97899999999998,1017.0,224.97,82,224.98,1495
2017-01-03 14:30:48.169000-05:00,224.97,500.0,224.96071428571432,147,224.97642857142858,1914
2017-01-03 14:30:48.330000-05:00,224.95999999999998,500.0,224.96,20,224.97,70
2017-01-03 14:30:48.430000-05:00,224.96,200.0,224.95999999999998,36,224.96999999999997,157
2017-01-03 14:30:48.560000-05:00,224.96,500.0,224.96,18,224.97,57
2017-01-03 14:30:48.921000-05:00,224.96,400.0,224.95999999999998,64,224.96999999999997,180
2017-01-03 14:30:49.810000-05:00,224.96,100.0,224.96,24,224.97,147
2017-01-03 14:30:50.420000-05:00,224.96,300.0,224.95999999999998,47,224.96999999999997,203
2017-01-03 14:30:51.140000-05:00,224.96,100.0,224.95999999999998,65,224.96999999999997,194
2017-01-03 14:30:51.310000-05:00,224.96,100.0,224.96,101,224.97,266
2017-01-03 14:30:52.249000-05:00,224.96,297.0,224.94999999999996,408,224.97,732
2017-01-03 14:30:52.460000-05:00,224.95,1120.0,224.95,1052,224.96,3071
2017-01-03 14:30:52.680000-05:00,224.94999999999996,400.0,224.94666666666663,34,224.96,677
2017-01-03 14:30:52.990000-05:00,224.94,200.0,224.94,48,224.95,106
2017-01-03 14:30:53.519000-05:00,224.95,365.0,224.94000000000003,234,224.95,228
2017-01-03 14:30:53.570000-05:00,224.94,800.0,224.93333333333334,289,224.94592592592593,683
2017-01-03 14:30:53.631000-05:00,224.94,500.0,224.92999999999998,164,224.94999999999996,240
2017-01-03 14:30:53.990000-05:00,224.94,300.0,224.94,60,224.95,171
2017-01-03 14:30:54.830000-05:00,224.94,283.0,224.94,7,224.95,35
2017-01-03 14:30:55.710000-05:00,224.94999999999996,859.0,224.94,276,224.95071428571427,341
2017-01-03 14:30:55.790000-05:00,224.94411764705882,12467.0,224.94714285714284,341,224.96,159
2017-01-03 14:30:55.809000-05:00,224.95,1900.0,224.9433333333333,64,224.96,40
2017-01-03 14:30:55.930000-05:00,224.96625,4271.0,224.94999999999996,32,224.96833333333333,253
2017-01-03 14:30:55.941000-05:00,224.965,619.0,224.95,217,224.97999999999996,73
2017-01-03 14:30:55.942000-05:00,224.98,110.0,224.95,4255,224.9826923076923,342
2017-01-03 14:30:55.960000-05:00,224.99,600.0,224.98,103,224.99,32
2017-01-03 14:30:57.021000-05:00,224.98,1500.0,224.97545454545454,268,224.98909090909092,216
2017-01-03 14:30:57.033000-05:00,224.97,100.0,224.9632,471,224.98,2260
2017-01-03 14:30:57.530000-05:00,224.97,1000.0,224.96,38,224.97,36
2017-01-03 14:30:58.023000-05:00,224.97,100.0,224.96,13,224.97,26
2017-01-03 14:30:58.043000-05:00,224.96,200.0,224.96,72,224.97,333
2017-01-03 14:30:58.059000-05:00,224.96,300.0,224.95133333333334,116,224.964,993
2017-01-03 14:30:58.060000-05:00,224.96,2470.0,224.94999999999996,100,224.96,283
2017-01-03 14:30:58.110000-05:00,224.95,100.0,224.95,55,224.96,1234
2017-01-03 14:30:58.443000-05:00,224.96,239.0,224.95,259,224.96,824
2017-01-03 14:30:58.960000-05:00,224.96,500.0,224.9509090909091,205,224.96636363636364,1560
2017-01-03 14:30:59.230000-05:00,224.94999999999996,201.0,224.93999999999997,168,224.95833333333334,1071
2017-01-03 14:30:59.693000-05:00,224.95,3700.0,224.93999999999997,889,224.95684210526318,573
2017-01-03 14:31:00.080000-05:00,224.94,1500.0,224.9385714285714,95,224.95,92
2017-01-03 14:31:00.095000-05:00,224.94125,878.0,224.93800000000002,82,224.95,100
2017-01-03 14:31:00.099000-05:00,224.94,281.0,224.94,9,224.95,24
2017-01-03 14:31:00.589000-05:00,224.95,100.0,224.95,14,224.96,199
2017-01-03 14:31:00.820000-05:00,224.95,612.0,224.94666666666663,40,224.96,597
2017-01-03 14:31:01.049000-05:00,224.95,100.0,224.95,28,224.96,395
2017-01-03 14:31:01.206000-05:00,224.95,100.0,224.95,14,224.96,196
2017-01-03 14:31:01.225000-05:00,224.95,100.0,224.94999999999996,42,224.96,588
2017-01-03 14:31:01.500000-05:00,224.942,2285.0,224.94,325,224.9507692307692,269
2017-01-03 14:31:01.725000-05:00,224.95,200.0,224.93999999999997,83,224.94999999999996,12
2017-01-03 14:31:02.765000-05:00,224.94999999999996,600.0,224.94,138,224.95,4
2017-01-03 14:31:02.940000-05:00,224.95,200.0,224.94,355,224.96,1559
2017-01-03 14:31:03.309000-05:00,224.95,20.0,224.94,40,224.96,197
2017-01-03 14:31:03.750000-05:00,224.95,300.0,224.94,179,224.95,73
2017-01-03 14:31:03.835000-05:00,224.95,59.0,224.94,34,224.95,4
2017-01-03 14:31:04.240000-05:00,224.93999999999997,200.0,224.94,29,224.95,10
2017-01-03 14:31:04.435000-05:00,224.94,3131.0,224.93,91,224.95,28
2017-01-03 14:31:04.440000-05:00,224.94,1850.0,224.94,10,224.95,14
2017-01-03 14:31:04.445000-05:00,224.94,200.0,224.94000000000003,151,224.95,178
2017-01-03 14:31:04.790000-05:00,224.95,300.0,224.93999999999997,813,224.94999999999996,106
2017-01-03 14:31:05.075000-05:00,224.93999999999997,1783.0,224.94,262,224.95,56
2017-01-03 14:31:05.299000-05:00,224.95,400.0,224.94,817,224.95,82
2017-01-03 14:31:05.309000-05:00,224.94999999999996,259.0,224.93999999999997,203,224.94999999999996,6
2017-01-03 14:31:05.795000-05:00,224.95,200.0,224.94000000000003,607,224.95,89
2017-01-03 14:31:05.860000-05:00,224.94,4160.0,224.93500000000003,140,224.94999999999996,134
2017-01-03 14:31:05.955000-05:00,224.94,200.0,224.9375,54,224.95,96
2017-01-03 14:31:06.200000-05:00,224.94,100.0,224.94,40,224.95,14
2017-01-03 14:31:06.815000-05:00,224.95,800.0,224.94,389,224.95,7
2017-01-03 14:31:07.070000-05:00,224.9433333333333,500.0,224.94,34,224.95,15
2017-01-03 14:31:08.145000-05:00,224.94,100.0,224.94,40,224.95,112
2017-01-03 14:31:08.360000-05:00,224.93999999999997,589.0,224.92999999999998,108,224.94999999999996,120
2017-01-03 14:31:08.695000-05:00,224.94,100.0,224.93666666666664,92,224.94999999999996,237
2017-01-03 14:31:09.519000-05:00,224.94,1031.0,224.93375,242,224.95,341
2017-01-03 14:31:09.589000-05:00,224.94,500.0,224.93400000000003,148,224.95,215
2017-01-03 14:31:10.085000-05:00,224.945,447.0,224.94,5,224.95,42
2017-01-03 14:31:10.089000-05:00,224.94,400.0,224.93,436,224.94266666666667,248
2017-01-03 14:31:10.259000-05:00,224.94,332.0,224.93533333333335,472,224.94799999999998,526
2017-01-03 14:31:10.700000-05:00,224.9416666666667,1094.0,224.94,208,224.95,427
2017-01-03 14:31:11.250000-05:00,224.9416666666667,1947.0,224.94,1,224.95,31
2017-01-03 14:31:11.469000-05:00,224.94,100.0,224.92999999999998,152,224.9416666666667,99
2017-01-03 14:31:12.455000-05:00,224.92999999999998,300.0,224.92857142857142,90,224.94,184
2017-01-03 14:31:12.459000-05:00,224.93,301.0,224.92,336,224.93142857142857,419
2017-01-03 14:31:12.460000-05:00,224.92,200.0,224.92,381,224.93,906
2017-01-03 14:31:12.470000-05:00,224.92,1664.0,224.92,125,224.93,727
2017-01-03 14:31:12.665000-05:00,224.92,100.0,224.92,23,224.93,158
2017-01-03 14:31:12.835000-05:00,224.92,2347.0,224.91,454,224.92071428571427,286
2017-01-03 14:31:13.570000-05:00,224.92,200.0,224.91,2094,224.92857142857142,1001
2017-01-03 14:31:13.740000-05:00,224.92,1200.0,224.92,12,224.93,164
2017-01-03 14:31:14.139000-05:00,224.91,852.0,224.91,77,224.92,64
2017-01-03 14:31:14.145000-05:00,224.91,2500.0,224.90846153846152,214,224.92000000000002,388
2017-01-03 14:31:14.150000-05:00,224.905,1798.0,224.9,391,224.91571428571427,87
2017-01-03 14:31:15.105000-05:00,224.91,36.0,224.9,205,224.91666666666666,63
2017-01-03 14:31:15.145000-05:00,224.905,436.0,224.9,68,224.92,30
2017-01-03 14:31:15.175000-05:00,224.9,1406.0,224.9,129,224.92,60
2017-01-03 14:31:15.440000-05:00,224.90166666666667,1000.0,224.9,627,224.91,76
2017-01-03 14:31:16.379000-05:00,224.9,6111.0,224.9,163,224.91,1982
2017-01-03 14:31:16.380000-05:00,224.9,2217.0,224.9,240,224.91,4859
2017-01-03 14:31:16.449000-05:00,224.9,2476.0,224.9,140,224.91,2861
2017-01-03 14:31:16.789000-05:00,224.9,7150.0,224.9,80,224.91,1638
2017-01-03 14:31:16.796000-05:00,224.9,100.0,224.9,340,224.91,7139
2017-01-03 14:31:16.966000-05:00,224.9,4858.0,224.90000000000003,260,224.91,5385
2017-01-03 14:31:16.976000-05:00,224.9,1235.0,224.9,80,224.91,1672
2017-01-03 14:31:17.006000-05:00,224.9,100.0,224.9,20,224.91,412
2017-01-03 14:31:17.179000-05:00,224.9,100.0,224.9,20,224.91,411
2017-01-03 14:31:17.346000-05:00,224.9,100.0,224.9,20,224.91,405
2017-01-03 14:31:17.435000-05:00,224.9,2000.0,224.9,80,224.91,1632
2017-01-03 14:31:17.475000-05:00,224.9,100.0,224.9,20,224.91,405
2017-01-03 14:31:17.496000-05:00,224.9,100.0,224.9,40,224.91,800
2017-01-03 14:31:17.666000-05:00,224.9,100.0,224.9,20,224.91,395
2017-01-03 14:31:17.695000-05:00,224.9,3183.0,224.9,160,224.91,3184
2017-01-03 14:31:17.725000-05:00,224.9,400.0,224.9,40,224.91,815
2017-01-03 14:31:17.829000-05:00,224.9,100.0,224.9,20,224.91,408
2017-01-03 14:31:17.940000-05:00,224.9,5384.0,224.90000000000003,260,224.91,5491
2017-01-03 14:31:18.036000-05:00,224.9,100.0,224.9,20,224.91,408
2017-01-03 14:31:18.075000-05:00,224.9,100.0,224.9,21,224.91,408
2017-01-03 14:31:18.179000-05:00,224.9,100.0,224.9,23,224.91,408
2017-01-03 14:31:18.339000-05:00,224.9,1316.0,224.9,20,224.91,408
2017-01-03 14:31:18.346000-05:00,224.9,2244.0,224.9,60,224.91,1234
2017-01-03 14:31:18.355000-05:00,224.9,100.0,224.9,20,224.91,410
2017-01-03 14:31:18.440000-05:00,224.9,2300.0,224.9,140,224.91,2764
2017-01-03 14:31:18.530000-05:00,224.9,100.0,224.9,20,224.91,399
2017-01-03 14:31:18.559000-05:00,224.9,400.0,224.9,20,224.91,398
2017-01-03 14:31:18.716000-05:00,224.9,100.0,224.9,20,224.91,398
2017-01-03 14:31:18.886000-05:00,224.9,100.0,224.9,20,224.91,398
2017-01-03 14:31:18.985000-05:00,224.9,3974.0,224.9,104,224.91,4176
2017-01-03 14:31:19.059000-05:00,224.9,965.0,224.89,23,224.9018181818182,1888
2017-01-03 14:31:19.275000-05:00,224.8842857142857,4799.0,224.87695652173915,1075,224.89217391304345,859
2017-01-03 14:31:19.286000-05:00,224.88,100.0,224.88000000000002,80,224.88999999999996,85
2017-01-03 14:31:19.289000-05:00,224.88,1914.0,224.87642857142856,411,224.88714285714286,141
2017-01-03 14:31:19.306000-05:00,224.88,944.0,224.87769230769229,348,224.8884615384615,127
2017-01-03 14:31:20.096000-05:00,224.89,244.0,224.88,45,224.89,26
2017-01-03 14:31:20.159000-05:00,224.88071428571428,1613.0,224.87636363636364,323,224.89,185
2017-01-03 14:31:20.166000-05:00,224.87444444444444,8298.0,224.86950000000002,1413,224.887,311
2017-01-03 14:31:20.169000-05:00,224.87,341.0,224.86769230769232,527,224.88,78
2017-01-03 14:31:20.299000-05:00,224.87,300.0,224.86,121,224.87473684210525,1645
2017-01-03 14:31:21.400000-05:00,224.86,301.0,224.85105263157894,74,224.86105263157899,569
2017-01-03 14:31:21.401000-05:00,224.86,425.0,224.85,74,224.86,203
2017-01-03 14:31:21.732000-05:00,224.86,2549.0,224.85,38,224.86,201
2017-01-03 14:31:21.810000-05:00,224.85,1422.0,224.84714285714287,95,224.85999999999999,60
2017-01-03 14:31:22.458000-05:00,224.84,700.0,224.83,264,224.84416666666667,703
2017-01-03 14:31:23.057000-05:00,224.84,100.0,224.83,25,224.85,58
2017-01-03 14:31:23.078000-05:00,224.84,100.0,224.83,25,224.85,57
2017-01-03 14:31:23.468000-05:00,224.84,197.0,224.83,100,224.845,123
2017-01-03 14:31:23.469000-05:00,224.84,9.0,224.83416666666668,206,224.84833333333333,589
2017-01-03 14:31:24.468000-05:00,224.84,403.0,224.83,148,224.85,154
2017-01-03 14:31:24.959000-05:00,224.83,2800.0,224.829,309,224.842,263
2017-01-03 14:31:25.089000-05:00,224.84,400.0,224.83,40,224.842,92
2017-01-03 14:31:25.098000-05:00,224.84,438.0,224.83428571428573,61,224.85,449
2017-01-03 14:31:25.478000-05:00,224.84099999999998,600.0,224.84,8,224.85,276
2017-01-03 14:31:26.008000-05:00,224.84,3000.0,224.84,7,224.85,163
2017-01-03 14:31:26.478000-05:00,224.84,599.0,224.84,15,224.85,373
2017-01-03 14:31:27.449000-05:00,224.84,2500.0,224.84,13,224.85,362
2017-01-03 14:31:27.478000-05:00,224.84,200.0,224.84,10,224.85,395
2017-01-03 14:31:27.518000-05:00,224.84,40.0,224.84,2,224.85,75
2017-01-03 14:31:27.618000-05:00,224.84,100.0,224.84,2,224.85,75
2017-01-03 14:31:28.479000-05:00,224.84,599.0,224.84,13,224.85,394
2017-01-03 14:31:28.670000-05:00,224.85,5136.0,224.8417142857143,2272,224.85742857142858,614
2017-01-03 14:31:28.691000-05:00,224.86,500.0,224.85500000000002,222,224.86700000000002,169
2017-01-03 14:31:29.290000-05:00,224.87999999999997,2701.0,224.87,43,224.88,86
2017-01-03 14:31:29.469000-05:00,224.87,200.0,224.8614285714286,172,224.87285714285716,254
2017-01-03 14:31:30.099000-05:00,224.87,296.0,224.86,4,224.87,31
2017-01-03 14:31:30.670000-05:00,224.87,200.0,224.86000000000004,58,224.878,496
2017-01-03 14:31:30.678000-05:00,224.87,100.0,224.86,131,224.87,10
2017-01-03 14:31:31.329000-05:00,224.86125,300.0,224.86,60,224.87,34
2017-01-03 14:31:31.349000-05:00,224.87,100.0,224.865,130,224.87625,346
2017-01-03 14:31:31.620000-05:00,224.88,724.0,224.87,62,224.88,466
2017-01-03 14:31:31.638000-05:00,224.88,10.0,224.87,1017,224.88133333333332,441
2017-01-03 14:31:31.639000-05:00,224.88,182.0,224.8722222222222,824,224.88777777777776,195
2017-01-03 14:31:32.429000-05:00,224.89,2656.0,224.8840909090909,634,224.89772727272728,817
2017-01-03 14:31:32.769000-05:00,224.89,100.0,224.88133333333332,230,224.89466666666667,647
2017-01-03 14:31:33.099000-05:00,224.89,604.0,224.88000000000002,78,224.88999999999996,108
2017-01-03 14:31:33.758000-05:00,224.89,1387.0,224.88999999999996,85,224.9,454
2017-01-03 14:31:34.589000-05:00,224.9,396.0,224.89,18,224.9,84
2017-01-03 14:31:34.669000-05:00,224.9,600.0,224.89,20,224.9,50
2017-01-03 14:31:34.999000-05:00,224.89124999999999,500.0,224.89000000000001,28,224.9,227
2017-01-03 14:31:35.089000-05:00,224.9,184.0,224.89,15,224.9,122
2017-01-03 14:31:36.699000-05:00,224.89083333333335,906.0,224.885,110,224.9,398
2017-01-03 14:31:36.709000-05:00,224.89,400.0,224.8892857142857,102,224.9,946
2017-01-03 14:31:36.718000-05:00,224.89,299.0,224.8825,87,224.9,270
2017-01-03 14:31:36.768000-05:00,224.89,866.0,224.88999999999996,73,224.9,646
2017-01-03 14:31:36.829000-05:00,224.9,1050.0,224.89,77,224.90000000000003,788
2017-01-03 14:31:36.848000-05:00,224.9,1528.0,224.89,10,224.9,129
2017-01-03 14:31:36.869000-05:00,224.9,3202.0,224.89000000000001,45,224.9,132
2017-01-03 14:31:36.878000-05:00,224.9,512.0,224.89,48,224.9,41
2017-01-03 14:31:37.208000-05:00,224.89,200.0,224.88,46,224.9,91
2017-01-03 14:31:37.238000-05:00,224.89,1109.0,224.88,65,224.89,109
2017-01-03 14:31:37.399000-05:00,224.88,474.0,224.8748148148148,471,224.88666666666666,1739
2017-01-03 14:31:37.958000-05:00,224.88,100.0,224.87,57,224.88,315
2017-01-03 14:31:38.949000-05:00,224.88,1702.0,224.87,69,224.88,162
2017-01-03 14:31:39.488000-05:00,224.87,700.0,224.86,210,224.88,259
2017-01-03 14:31:40.139000-05:00,224.88,102.0,224.87,5,224.88,41
2017-01-03 14:31:40.268000-05:00,224.87,100.0,224.86000000000004,155,224.88000000000002,289
2017-01-03 14:31:40.649000-05:00,224.86055555555558,902.0,224.85545454545453,283,224.87,1028
2017-01-03 14:31:40.650000-05:00,224.86000000000004,1827.0,224.85,288,224.8657142857143,6608
2017-01-03 14:31:40.689000-05:00,224.87,200.0,224.85999999999999,230,224.87000000000003,246
2017-01-03 14:31:40.699000-05:00,224.86999999999998,1668.0,224.86,100,224.87333333333333,140
2017-01-03 14:31:40.879000-05:00,224.87,100.0,224.86,87,224.87666666666667,75
2017-01-03 14:31:42.009000-05:00,224.87,100.0,224.86,298,224.87,196
2017-01-03 14:31:42.558000-05:00,224.86,50.0,224.86,17,224.87,6
2017-01-03 14:31:42.708000-05:00,224.87,249.0,224.86,96,224.8725,90
2017-01-03 14:31:43.488000-05:00,224.87,1300.0,224.8692307692308,108,224.88,749
2017-01-03 14:31:43.748000-05:00,224.87,700.0,224.87,6,224.88,116
2017-01-03 14:31:43.859000-05:00,224.87,400.0,224.86,397,224.87142857142857,410
2017-01-03 14:31:44.008000-05:00,224.87,800.0,224.86,80,224.88,166
2017-01-03 14:31:44.119000-05:00,224.86,500.0,224.86,337,224.87,172
2017-01-03 14:31:44.189000-05:00,224.86,499.0,224.85407407407408,471,224.87,3690
2017-01-03 14:31:44.479000-05:00,224.85,200.0,224.85,24,224.86,895
2017-01-03 14:31:44.538000-05:00,224.85,210.0,224.84,27,224.86,232
2017-01-03 14:31:44.539000-05:00,224.85,400.0,224.84,108,224.86,935
2017-01-03 14:31:44.578000-05:00,224.85,100.0,224.84,54,224.86,446
2017-01-03 14:31:44.829000-05:00,224.85,400.0,224.84,108,224.86,878
2017-01-03 14:31:44.839000-05:00,224.85,100.0,224.84,27,224.86,217
2017-01-03 14:31:44.998000-05:00,224.85,1.0,224.84,23,224.86,216
2017-01-03 14:31:45.119000-05:00,224.85,189.0,224.84,21,224.85,21
2017-01-03 14:31:46.748000-05:00,224.85,2500.0,224.84,644,224.85285714285715,1137
2017-01-03 14:31:47.609000-05:00,224.85,400.0,224.84000000000003,352,224.85,237
2017-01-03 14:31:47.618000-05:00,224.85,1800.0,224.84,33,224.86,146
2017-01-03 14:31:47.958000-05:00,224.84,1959.0,224.83846153846156,245,224.84999999999997,176
2017-01-03 14:31:47.959000-05:00,224.84,200.0,224.84,65,224.85,57
2017-01-03 14:31:49.038000-05:00,224.84,700.0,224.84,109,224.85,295
2017-01-03 14:31:49.049000-05:00,224.84,1300.0,224.83599999999998,317,224.85,695
2017-01-03 14:31:50.119000-05:00,224.85,246.0,224.84,43,224.85,392
2017-01-03 14:31:50.509000-05:00,224.84,100.0,224.83,248,224.84333333333333,133
2017-01-03 14:31:50.799000-05:00,224.84,700.0,224.83857142857144,80,224.85,358
2017-01-03 14:31:50.809000-05:00,224.84,210.0,224.83200000000002,205,224.85,270
2017-01-03 14:31:51.298000-05:00,224.85,2200.0,224.84000000000003,276,224.85,521
2017-01-03 14:31:51.308000-05:00,224.85,2304.0,224.84,5104,224.85,584
2017-01-03 14:31:51.309000-05:00,224.85,396.0,224.84,380,224.85500000000002,10
2017-01-03 14:31:51.329000-05:00,224.86,200.0,224.85518518518518,1007,224.86592592592592,378
2017-01-03 14:31:51.760000-05:00,224.87,389.0,224.85666666666668,92,224.87,67
2017-01-03 14:31:51.768000-05:00,224.87,100.0,224.86,102,224.87,108
2017-01-03 14:31:52.060000-05:00,224.86,400.0,224.86,16,224.87,37
2017-01-03 14:31:52.109000-05:00,224.86,400.0,224.85928571428573,117,224.87000000000003,266
2017-01-03 14:31:52.590000-05:00,224.86,521.0,224.85750000000002,82,224.87,108
2017-01-03 14:31:52.609000-05:00,224.86,200.0,224.85666666666668,164,224.87,153
2017-01-03 14:31:52.630000-05:00,224.86,200.0,224.85750000000002,84,224.87,102
2017-01-03 14:31:52.649000-05:00,224.86,99.0,224.85,464,224.86333333333334,77
2017-01-03 14:31:53.868000-05:00,224.86,275.0,224.854375,672,224.8675,355
2017-01-03 14:31:53.888000-05:00,224.85,1117.0,224.84805555555556,1595,224.85861111111114,2401
2017-01-03 14:31:53.899000-05:00,224.86,543.0,224.84421052631578,1375,224.8584210526316,857
2017-01-03 14:31:53.920000-05:00,224.86,200.0,224.8542857142857,77,224.87000000000003,322
2017-01-03 14:31:54.907000-05:00,224.86,500.0,224.86,18,224.87,116
2017-01-03 14:31:55.140000-05:00,224.87,68.0,224.86,14,224.87,25
2017-01-03 14:31:55.178000-05:00,224.8542857142857,3154.0,224.842,296,224.86999999999998,1060
2017-01-03 14:31:55.550000-05:00,224.84,210.0,224.836,118,224.85,446
2017-01-03 14:31:55.760000-05:00,224.83,100.0,224.83,75,224.84,14
2017-01-03 14:31:56.118000-05:00,224.84,200.0,224.83,54,224.84,11
2017-01-03 14:31:56.678000-05:00,224.83,700.0,224.83,133,224.846,134
2017-01-03 14:31:56.828000-05:00,224.84,200.0,224.84,17,224.85,288
2017-01-03 14:31:57.300000-05:00,224.84,100.0,224.83166666666668,151,224.85,300
2017-01-03 14:31:58.588000-05:00,224.8325,2151.0,224.82933333333332,1320,224.84366666666668,687
2017-01-03 14:31:58.598000-05:00,224.83,2199.0,224.83,75,224.84,67
2017-01-03 14:31:59.288000-05:00,224.84,587.0,224.83,127,224.84499999999997,351
2017-01-03 14:31:59.319000-05:00,224.85,4000.0,224.8375,30,224.86,668
2017-01-03 14:31:59.328000-05:00,224.85,2301.0,224.84,159,224.85125,380
2017-01-03 14:32:00.008000-05:00,224.84,400.0,224.83461538461538,206,224.8476923076923,418
2017-01-03 14:32:00.048000-05:00,224.84,270.0,224.84,3,224.85,80
2017-01-03 14:32:00.098000-05:00,224.84,100.0,224.83,104,224.85,160
2017-01-03 14:32:00.149000-05:00,224.845,97.0,224.84,10,224.85,54
2017-01-03 14:32:00.298000-05:00,224.83800000000002,1111.0,224.83666666666667,91,224.84888888888887,308
2017-01-03 14:32:00.309000-05:00,224.83,389.0,224.8318181818182,191,224.84727272727275,311
2017-01-03 14:32:00.559000-05:00,224.84,100.0,224.84,6,224.85,39
2017-01-03 14:32:00.878000-05:00,224.85,200.0,224.84,3097,224.85736842105263,495
2017-01-03 14:32:00.907000-05:00,224.86,298.0,224.85714285714286,81,224.8685714285714,181
2017-01-03 14:32:01.069000-05:00,224.86,399.0,224.85,133,224.86222222222224,179
2017-01-03 14:32:01.378000-05:00,224.85,3099.0,224.84045454545455,1847,224.86045454545456,4467
2017-01-03 14:32:01.438000-05:00,224.84,1900.0,224.84,20,224.85,50
2017-01-03 14:32:01.460000-05:00,224.84,28.0,224.84,48,224.85,229
2017-01-03 14:32:02.099000-05:00,224.84833333333333,2100.0,224.84,71,224.85,51
2017-01-03 14:32:03.628000-05:00,224.84,100.0,224.84,30,224.85,275
2017-01-03 14:32:04.429000-05:00,224.84,24.0,224.84,27,224.85,183
2017-01-03 14:32:04.597000-05:00,224.84,100.0,224.84,14,224.85,48
2017-01-03 14:32:04.809000-05:00,224.85,400.0,224.84,8,224.85,4
2017-01-03 14:32:04.819000-05:00,224.85,1500.0,224.84,69,224.85,30
2017-01-03 14:32:04.887000-05:00,224.86,100.0,224.85454545454547,311,224.86818181818182,202
2017-01-03 14:32:04.900000-05:00,224.86,512.0,224.86,33,224.87,66
2017-01-03 14:32:05.150000-05:00,224.87,94.0,224.86,28,224.87,24
2017-01-03 14:32:06.188000-05:00,224.86,100.0,224.86,125,224.87,332
2017-01-03 14:32:06.190000-05:00,224.86,400.0,224.85166666666666,150,224.87,280
2017-01-03 14:32:07.340000-05:00,224.87,900.0,224.87,35,224.88,254
2017-01-03 14:32:07.818000-05:00,224.87937499999998,2434.0,224.87,996,224.88,202
2017-01-03 14:32:08.740000-05:00,224.87,10357.0,224.87000000000003,32,224.87999999999997,820
2017-01-03 14:32:08.751000-05:00,224.87,100.0,224.86999999999998,10,224.88000000000002,299
2017-01-03 14:32:09.310000-05:00,224.87,2570.0,224.87,30,224.88,380
2017-01-03 14:32:09.438000-05:00,224.87,277.0,224.86000000000004,140,224.872,66
2017-01-03 14:32:10.160000-05:00,224.87,189.0,224.86,96,224.87333333333333,48
2017-01-03 14:32:10.400000-05:00,224.87,11.0,224.86,67,224.88,84
2017-01-03 14:32:11.480000-05:00,224.87,100.0,224.86,34,224.87,5
2017-01-03 14:32:11.810000-05:00,224.86,500.0,224.86,65,224.87,2
2017-01-03 14:32:12-05:00,224.87,100.0,224.8675,146,224.87875,227
2017-01-03 14:32:12.068000-05:00,224.88000000000002,1466.0,224.8709090909091,3568,224.88757575757575,562
2017-01-03 14:32:12.088000-05:00,224.89,11.0,224.88555555555553,118,224.9,195
2017-01-03 14:32:12.098000-05:00,224.89,100.0,224.88,73,224.9,66
2017-01-03 14:32:13.337000-05:00,224.89,500.0,224.89,26,224.9,15
2017-01-03 14:32:13.931000-05:00,224.89000000000001,1500.0,224.89,49,224.9,61
2017-01-03 14:32:14.581000-05:00,224.9,318.0,224.89,123,224.91,1011
2017-01-03 14:32:15.791000-05:00,224.89,500.0,224.89,14,224.9,15
2017-01-03 14:32:16.860000-05:00,224.89,708.0,224.88199999999998,216,224.89299999999997,59
2017-01-03 14:32:16.868000-05:00,224.87999999999997,2600.0,224.878,398,224.88999999999996,50
2017-01-03 14:32:16.881000-05:00,224.88,424.0,224.88,15,224.89,12
2017-01-03 14:32:17.061000-05:00,224.89,100.0,224.885,66,224.89833333333334,123
2017-01-03 14:32:17.427000-05:00,224.89,300.0,224.88333333333333,50,224.9,50
2017-01-03 14:32:17.441000-05:00,224.89,200.0,224.88833333333332,64,224.9,236
2017-01-03 14:32:19.820000-05:00,224.89,100.0,224.88000000000002,230,224.891,92
2017-01-03 14:32:20.101000-05:00,224.89,300.0,224.88,75,224.89333333333332,33
2017-01-03 14:32:20.280000-05:00,224.88,400.0,224.875,70,224.89,1056
2017-01-03 14:32:20.343000-05:00,224.89,167.0,224.88,20,224.89,42
2017-01-03 14:32:20.346000-05:00,224.89,502.0,224.88000000000002,55,224.88999999999996,69
2017-01-03 14:32:20.458000-05:00,224.89,660.0,224.88,157,224.89181818181817,374
2017-01-03 14:32:21.917000-05:00,224.89,100.0,224.88599999999997,114,224.9,287
2017-01-03 14:32:22.532000-05:00,224.89,100.0,224.885,81,224.9,221
2017-01-03 14:32:22.577000-05:00,224.88,100.0,224.87625,86,224.89,1057
2017-01-03 14:32:22.767000-05:00,224.88,1552.0,224.87,72,224.8825,43
2017-01-03 14:32:22.898000-05:00,224.89,400.0,224.88000000000002,40,224.88999999999996,430
2017-01-03 14:32:22.902000-05:00,224.89000000000001,2143.0,224.878,59,224.88999999999996,644
2017-01-03 14:32:23.753000-05:00,224.87,511.0,224.86999999999998,16,224.88000000000002,207
2017-01-03 14:32:23.893000-05:00,224.88,100.0,224.87,12,224.88,169
2017-01-03 14:32:23.933000-05:00,224.88,600.0,224.87,6,224.88,34
2017-01-03 14:32:24.467000-05:00,224.87,66.0,224.87,4,224.88,69
2017-01-03 14:32:25.163000-05:00,224.88,103.0,224.87,16,224.88,47
2017-01-03 14:32:26.393000-05:00,224.87,200.0,224.87,24,224.88,78
2017-01-03 14:32:26.478000-05:00,224.87,234.0,224.865,87,224.88,227
2017-01-03 14:32:27.978000-05:00,224.87,198.0,224.862,291,224.879,399
2017-01-03 14:32:29.782000-05:00,224.87,200.0,224.86999999999998,9,224.88000000000002,316
2017-01-03 14:32:30.077000-05:00,224.88,444.0,224.87,7,224.88,48
2017-01-03 14:32:30.183000-05:00,224.88,99.0,224.87,7,224.88,43
2017-01-03 14:32:32.993000-05:00,224.87,500.0,224.87,43,224.88,208
2017-01-03 14:32:33.317000-05:00,224.88,2683.0,224.86999999999998,1205,224.8878947368421,433
2017-01-03 14:32:33.772000-05:00,224.89,100.0,224.88625,145,224.9,472
2017-01-03 14:32:34.812000-05:00,224.89,500.0,224.89,4,224.9,59
2017-01-03 14:32:35.093000-05:00,224.9,444.0,224.88999999999996,29,224.9,275
2017-01-03 14:32:35.182000-05:00,224.9,134.0,224.89,10,224.9,54
2017-01-03 14:32:35.222000-05:00,224.89,201.0,224.88285714285712,228,224.89642857142857,637
2017-01-03 14:32:36.152000-05:00,224.88,300.0,224.87444444444444,373,224.89,1600
2017-01-03 14:32:36.547000-05:00,224.88,2000.0,224.87322580645161,1900,224.88967741935483,1361
2017-01-03 14:32:37.272000-05:00,224.89,600.0,224.88727272727272,86,224.9,738
2017-01-03 14:32:37.787000-05:00,224.89,300.0,224.88599999999997,105,224.9,790
2017-01-03 14:32:37.797000-05:00,224.88,300.0,224.87312500000002,249,224.88875,2022
2017-01-03 14:32:38.083000-05:00,224.88,100.0,224.87,19,224.88,18
2017-01-03 14:32:38.147000-05:00,224.88,120.0,224.87,38,224.88,34
2017-01-03 14:32:38.612000-05:00,224.87,600.0,224.864,132,224.87733333333333,720
2017-01-03 14:32:38.629000-05:00,224.86000000000004,402.0,224.8563157894737,181,224.86947368421056,756
2017-01-03 14:32:38.630000-05:00,224.86,145.0,224.85950000000003,187,224.86950000000002,1262
2017-01-03 14:32:38.638000-05:00,224.86,399.0,224.86,12,224.87,134
2017-01-03 14:32:38.938000-05:00,224.87,531.0,224.86,33,224.88,38
2017-01-03 14:32:39.157000-05:00,224.87,1000.0,224.86000000000004,155,224.872,45
2017-01-03 14:32:40.104000-05:00,224.87,444.0,224.86,136,224.87,4
2017-01-03 14:32:40.714000-05:00,224.86,500.0,224.86,85,224.87,36
2017-01-03 14:32:40.884000-05:00,224.86,500.0,224.86,41,224.87,10
2017-01-03 14:32:40.967000-05:00,224.87,65.0,224.86,62,224.87,8
2017-01-03 14:32:40.977000-05:00,224.87,366.0,224.86411764705883,465,224.87882352941176,362
2017-01-03 14:32:41.495000-05:00,224.88,1.0,224.87,108,224.88,80
2017-01-03 14:32:41.738000-05:00,224.89,1501.0,224.88,136,224.89,293
2017-01-03 14:32:43.375000-05:00,224.88999999999996,2300.0,224.88000000000002,155,224.9,203
2017-01-03 14:32:43.376000-05:00,224.89,1100.0,224.8846153846154,295,224.89615384615385,461
2017-01-03 14:32:43.385000-05:00,224.89,100.0,224.88,246,224.89,26
2017-01-03 14:32:43.628000-05:00,224.9,100.0,224.89,207,224.9,186
2017-01-03 14:32:43.629000-05:00,224.905,3684.0,224.9006666666667,1086,224.91333333333336,779
2017-01-03 14:32:43.647000-05:00,224.91,16.0,224.90999999999997,87,224.92,213
2017-01-03 14:32:43.657000-05:00,224.91,284.0,224.90333333333334,216,224.92,199
2017-01-03 14:32:43.667000-05:00,224.91,200.0,224.9085714285714,96,224.92,178
2017-01-03 14:32:43.867000-05:00,224.91,1100.0,224.91,24,224.92,151
2017-01-03 14:32:43.886000-05:00,224.91,419.0,224.91,5,224.92,37
2017-01-03 14:32:44.166000-05:00,224.91,500.0,224.905,35,224.92,70
2017-01-03 14:32:44.256000-05:00,224.9,124.0,224.9,152,224.91,98
2017-01-03 14:32:44.257000-05:00,224.91,500.0,224.9,319,224.91000000000003,2573
2017-01-03 14:32:44.266000-05:00,224.91,246.0,224.9,47,224.91,258
2017-01-03 14:32:44.277000-05:00,224.91,2050.0,224.9,82,224.91,340
2017-01-03 14:32:44.376000-05:00,224.9,1100.0,224.89,210,224.90333333333334,177
2017-01-03 14:32:44.546000-05:00,224.9,100.0,224.89000000000001,252,224.9085714285714,757
2017-01-03 14:32:44.636000-05:00,224.91,584.0,224.9,287,224.9117391304348,871
2017-01-03 14:32:44.756000-05:00,224.9,1000.0,224.89,216,224.90666666666667,554
2017-01-03 14:32:45.106000-05:00,224.9,400.0,224.89,148,224.91,516
2017-01-03 14:32:46.135000-05:00,224.89,1093.0,224.88999999999996,84,224.9,48
2017-01-03 14:32:46.187000-05:00,224.9,784.0,224.89,421,224.90266666666668,209
2017-01-03 14:32:46.916000-05:00,224.9,100.0,224.88999999999996,145,224.902,150
2017-01-03 14:32:47.647000-05:00,224.90666666666667,1640.0,224.8976086956522,1363,224.91000000000003,546
2017-01-03 14:32:48.066000-05:00,224.91,2579.0,224.9,134,224.91,1394
2017-01-03 14:32:48.067000-05:00,224.91,2000.0,224.9,80,224.91,512
2017-01-03 14:32:48.147000-05:00,224.9,100.0,224.894,96,224.91,415
2017-01-03 14:32:49.766000-05:00,224.89,600.0,224.8825,54,224.9,98
2017-01-03 14:32:49.777000-05:00,224.88666666666666,701.0,224.88000000000002,76,224.89450000000002,492
2017-01-03 14:32:49.800000-05:00,224.87,109.0,224.87,20,224.88,326
2017-01-03 14:32:49.868000-05:00,224.87,300.0,224.87,4,224.88,177
2017-01-03 14:32:49.987000-05:00,224.87,158.0,224.86062500000003,150,224.87062500000002,241
2017-01-03 14:32:50.108000-05:00,224.87,444.0,224.86000000000004,37,224.86999999999998,44
2017-01-03 14:32:50.197000-05:00,224.87,30.0,224.85999999999999,45,224.87000000000003,86
2017-01-03 14:32:51.078000-05:00,224.87,100.0,224.86,47,224.87,86
2017-01-03 14:32:51.386000-05:00,224.86,200.0,224.8542857142857,131,224.87000000000003,113
2017-01-03 14:32:52.746000-05:00,224.87,300.0,224.86666666666667,65,224.88,93
2017-01-03 14:32:53.067000-05:00,224.87,100.0,224.86333333333334,47,224.88,102
2017-01-03 14:32:53.166000-05:00,224.8548148148148,9349.0,224.85700000000003,235,224.8705,154
2017-01-03 14:32:53.176000-05:00,224.85333333333332,500.0,224.8529166666667,227,224.87,256
2017-01-03 14:32:53.638000-05:00,224.86999999999998,1600.0,224.86,40,224.88,61
2017-01-03 14:32:53.938000-05:00,224.88,600.0,224.86999999999998,25,224.88000000000002,128
2017-01-03 14:32:55.108000-05:00,224.88,444.0,224.87,29,224.88,55
2017-01-03 14:32:55.206000-05:00,224.89,31.0,224.88,63,224.89,9
2017-01-03 14:32:56.858000-05:00,224.88,100.0,224.88,9,224.89,393
2017-01-03 14:32:56.996000-05:00,224.88,300.0,224.87357142857144,128,224.885,1292
2017-01-03 14:32:57.338000-05:00,224.87,100.0,224.86,351,224.87230769230771,188
2017-01-03 14:32:58.516000-05:00,224.88,2300.0,224.87,547,224.88,481
2017-01-03 14:32:58.527000-05:00,224.88,22.0,224.86999999999998,181,224.88000000000002,5
2017-01-03 14:32:58.986000-05:00,224.87,400.0,224.86999999999998,147,224.88000000000002,132
2017-01-03 14:32:59.647000-05:00,224.87,900.0,224.86000000000004,220,224.86999999999998,85
2017-01-03 14:33:00.096000-05:00,224.878,800.0,224.865,29,224.88,90
2017-01-03 14:33:00.116000-05:00,224.875,444.0,224.86333333333334,57,224.88,137
2017-01-03 14:33:00.218000-05:00,224.88,73.0,224.865,29,224.88,86
2017-01-03 14:33:02.258000-05:00,224.86,200.0,224.86,92,224.87,93
2017-01-03 14:33:02.267000-05:00,224.86,1375.0,224.85999999999999,123,224.87000000000003,167
2017-01-03 14:33:02.288000-05:00,224.86,56.0,224.86,19,224.87,24
2017-01-03 14:33:02.328000-05:00,224.87,4.0,224.86,19,224.87,23
2017-01-03 14:33:02.426000-05:00,224.86,200.0,224.86,17,224.87,23
2017-01-03 14:33:02.477000-05:00,224.86,100.0,224.86,16,224.87,23
2017-01-03 14:33:02.567000-05:00,224.87,1200.0,224.86000000000004,137,224.878,212
2017-01-03 14:33:03.777000-05:00,224.86,809.0,224.85263157894735,413,224.8642105263158,361
2017-01-03 14:33:03.977000-05:00,224.86,591.0,224.85500000000002,143,224.87,188
2017-01-03 14:33:04.097000-05:00,224.87,800.0,224.86,41,224.87,21
2017-01-03 14:33:04.178000-05:00,224.86,100.0,224.86,9,224.87,13
2017-01-03 14:33:04.227000-05:00,224.86,200.0,224.86,23,224.87,41
2017-01-03 14:33:04.288000-05:00,224.86,100.0,224.86,20,224.87,39
2017-01-03 14:33:05.107000-05:00,224.87,444.0,224.86,84,224.87,184
2017-01-03 14:33:05.356000-05:00,224.86,200.0,224.85999999999999,67,224.87000000000003,95
2017-01-03 14:33:05.588000-05:00,224.86,200.0,224.86,9,224.87,14
2017-01-03 14:33:05.737000-05:00,224.86,200.0,224.86000000000004,27,224.86999999999998,78
2017-01-03 14:33:06.446000-05:00,224.86999999999998,921.0,224.86,127,224.87181818181818,224
2017-01-03 14:33:06.806000-05:00,224.88,2634.0,224.87000000000003,753,224.87999999999997,528
2017-01-03 14:33:06.817000-05:00,224.88,367.0,224.87162790697673,4517,224.8853488372093,354
2017-01-03 14:33:07.076000-05:00,224.88,1200.0,224.87357142857144,1532,224.88785714285714,930
2017-01-03 14:33:07.078000-05:00,224.88,257.0,224.8742857142857,370,224.89000000000001,469
2017-01-03 14:33:07.147000-05:00,224.88999999999996,525.0,224.88,159,224.89,173
2017-01-03 14:33:07.227000-05:00,224.88,100.0,224.88,14,224.89,15
2017-01-03 14:33:07.387000-05:00,224.88,300.0,224.87399999999997,190,224.88999999999996,1001
2017-01-03 14:33:07.966000-05:00,224.88,141.0,224.87,3003,224.88742857142856,569
2017-01-03 14:33:08.107000-05:00,224.89,700.0,224.88,272,224.9,224
2017-01-03 14:33:09.296000-05:00,224.89,1300.0,224.89,68,224.9,155
2017-01-03 14:33:09.916000-05:00,224.9,800.0,224.88999999999996,99,224.91,675
2017-01-03 14:33:10.357000-05:00,224.9,600.0,224.89,54,224.9,16
2017-01-03 14:33:12.107000-05:00,224.9,800.0,224.89,35,224.9,18
2017-01-03 14:33:12.216000-05:00,224.9,300.0,224.89,119,224.9,84
2017-01-03 14:33:12.217000-05:00,224.9,500.0,224.89,201,224.90166666666667,143
2017-01-03 14:33:12.218000-05:00,224.9,600.0,224.89,490,224.90416666666667,456
2017-01-03 14:33:12.727000-05:00,224.91,2100.0,224.9,567,224.91304347826087,926
2017-01-03 14:33:13.071000-05:00,224.92,100.0,224.91555555555556,217,224.93,219
2017-01-03 14:33:13.111000-05:00,224.92,100.0,224.92,7,224.93,18
2017-01-03 14:33:14.066000-05:00,224.92,647.0,224.92,30,224.93,158
2017-01-03 14:33:14.265000-05:00,224.93,3600.0,224.92,141,224.93,115
2017-01-03 14:33:15.061000-05:00,224.92999999999998,600.0,224.92,32,224.93,63
2017-01-03 14:33:15.111000-05:00,224.93,444.0,224.92,32,224.93,57
2017-01-03 14:33:15.206000-05:00,224.92,900.0,224.9185714285714,72,224.93,206
2017-01-03 14:33:15.216000-05:00,224.92,127.0,224.91,423,224.92176470588237,266
2017-01-03 14:33:15.321000-05:00,224.92,100.0,224.91,78,224.92,26
2017-01-03 14:33:15.462000-05:00,224.92,50.0,224.91,19,224.92,7
2017-01-03 14:33:16.095000-05:00,224.93,13.0,224.92,101,224.92999999999998,394
2017-01-03 14:33:16.101000-05:00,224.92999999999998,787.0,224.92,24,224.93,86
2017-01-03 14:33:16.202000-05:00,224.93,1713.0,224.92,303,224.93,111
2017-01-03 14:33:16.646000-05:00,224.93200000000002,1500.0,224.93,102,224.94,2
2017-01-03 14:33:16.866000-05:00,224.94,101.0,224.93800000000002,92,224.95,46
2017-01-03 14:33:17.332000-05:00,224.95,100.0,224.93999999999997,98,224.94999999999996,7
2017-01-03 14:33:17.351000-05:00,224.94,100.0,224.94000000000003,253,224.95,262
2017-01-03 14:33:19.791000-05:00,224.94,5150.0,224.93,329,224.94,156
2017-01-03 14:33:19.795000-05:00,224.93,1600.0,224.92999999999998,384,224.94,984
2017-01-03 14:33:20.091000-05:00,224.92,50.0,224.92,19,224.93,32
2017-01-03 14:33:20.116000-05:00,224.93,444.0,224.92,74,224.93,106
2017-01-03 14:33:20.146000-05:00,224.92999999999998,800.0,224.92,76,224.93,82
2017-01-03 14:33:20.526000-05:00,224.92999999999998,2856.0,224.92,444,224.93800000000002,280
2017-01-03 14:33:20.716000-05:00,224.94,100.0,224.93666666666664,38,224.94999999999996,104
2017-01-03 14:33:21.091000-05:00,224.94,300.0,224.94,10,224.95,31
2017-01-03 14:33:23.051000-05:00,224.95,600.0,224.94,10,224.95,68
2017-01-03 14:33:23.191000-05:00,224.94,400.0,224.93,202,224.94571428571427,160
2017-01-03 14:33:23.345000-05:00,224.93,1100.0,224.9286666666667,157,224.94,667
2017-01-03 14:33:24.151000-05:00,224.93,800.0,224.92,140,224.93,99
2017-01-03 14:33:24.196000-05:00,224.93,887.0,224.9204347826087,2121,224.9391304347826,474
2017-01-03 14:33:25.141000-05:00,224.94,444.0,224.93,18,224.94,30
2017-01-03 14:33:25.261000-05:00,224.94,26.0,224.93,19,224.94,27
2017-01-03 14:33:27.070000-05:00,224.92999999999998,600.0,224.92999999999998,78,224.93999999999997,150
2017-01-03 14:33:27.936000-05:00,224.94,2080.0,224.93214285714288,290,224.94571428571427,191
2017-01-03 14:33:28.161000-05:00,224.94999999999996,380.0,224.93999999999997,72,224.96,411
2017-01-03 14:33:30.096000-05:00,224.94,701.0,224.93041666666667,523,224.94208333333333,688
2017-01-03 14:33:30.115000-05:00,224.935,100.0,224.92999999999998,92,224.93999999999997,203
2017-01-03 14:33:30.116000-05:00,224.94,2967.0,224.92999999999998,143,224.93999999999997,121
2017-01-03 14:33:30.146000-05:00,224.93999999999997,1253.0,224.93,252,224.94,1302
2017-01-03 14:33:30.161000-05:00,224.94,37.0,224.93,56,224.94,5
2017-01-03 14:33:30.255000-05:00,224.94,257.0,224.93,293,224.94899999999998,443
2017-01-03 14:33:31.066000-05:00,224.94,600.0,224.93,60,224.945,59
2017-01-03 14:33:31.095000-05:00,224.94,100.0,224.92999999999998,186,224.9433333333333,118
2017-01-03 14:33:32.150000-05:00,224.95,800.0,224.93999999999997,75,224.94999999999996,65
2017-01-03 14:33:32.511000-05:00,224.94999999999996,600.0,224.9475,161,224.95875,1898
2017-01-03 14:33:33.665000-05:00,224.94999999999996,321.0,224.94666666666663,37,224.96,390
2017-01-03 14:33:33.671000-05:00,224.94999999999996,109.0,224.93999999999997,96,224.96,394
2017-01-03 14:33:34.060000-05:00,224.95,100.0,224.942,164,224.959,1194
2017-01-03 14:33:34.515000-05:00,224.96,700.0,224.95,17,224.96,250
2017-01-03 14:33:35.162000-05:00,224.96,222.0,224.95,8,224.96,132
2017-01-03 14:33:35.265000-05:00,224.95499999999998,51.0,224.94999999999996,30,224.96,390
2017-01-03 14:33:35.702000-05:00,224.96,434.0,224.95,152,224.96,390
2017-01-03 14:33:35.706000-05:00,224.96,1666.0,224.95,651,224.9670588235294,331
2017-01-03 14:33:35.736000-05:00,224.97,100.0,224.96,193,224.97,20
2017-01-03 14:33:36.005000-05:00,224.97,201.0,224.95999999999998,377,224.971,46
2017-01-03 14:33:38.101000-05:00,224.97,100.0,224.96,37,224.97,6
2017-01-03 14:33:39.071000-05:00,224.97,600.0,224.95999999999998,100,224.96999999999997,53
2017-01-03 14:33:39.151000-05:00,224.97,100.0,224.96,20,224.97,11
2017-01-03 14:33:39.202000-05:00,224.96,200.0,224.96,23,224.97,2189
2017-01-03 14:33:39.226000-05:00,224.96,200.0,224.95071428571427,209,224.96428571428572,2301
2017-01-03 14:33:39.342000-05:00,224.96,2748.0,224.95374999999999,127,224.96875,265
2017-01-03 14:33:39.651000-05:00,224.97,854.0,224.96,14,224.97,26
2017-01-03 14:33:40.146000-05:00,224.97,800.0,224.96,61,224.97,58
2017-01-03 14:33:40.632000-05:00,224.97,625.0,224.95999999999998,58,224.96999999999997,101
2017-01-03 14:33:40.641000-05:00,224.97,419.0,224.96,100,224.97,87
2017-01-03 14:33:41.285000-05:00,224.95,234.0,224.9475,32,224.96,509
2017-01-03 14:33:43.145000-05:00,224.95,90.0,224.95,24,224.96,274
2017-01-03 14:33:43.224000-05:00,224.95,410.0,224.945,39,224.96,278
2017-01-03 14:33:43.616000-05:00,224.94,1100.0,224.9333333333333,225,224.94999999999996,675
2017-01-03 14:33:43.635000-05:00,224.94,600.0,224.9363157894737,188,224.94894736842105,456
2017-01-03 14:33:43.656000-05:00,224.94,400.0,224.93,136,224.95,228
2017-01-03 14:33:43.857000-05:00,224.95,300.0,224.94299999999998,449,224.954,179
2017-01-03 14:33:43.858000-05:00,224.96,200.0,224.95125,256,224.9625,60
2017-01-03 14:33:43.877000-05:00,224.97,1.0,224.96,62,224.975,60
2017-01-03 14:33:44.094000-05:00,224.97,100.0,224.962,250,224.97999999999996,607
2017-01-03 14:33:45.875000-05:00,224.96,350.0,224.9551724137931,507,224.96758620689656,3586
2017-01-03 14:33:47.056000-05:00,224.96,600.0,224.95,24,224.96,142
2017-01-03 14:33:48.146000-05:00,224.95,120.0,224.95,16,224.96,251
2017-01-03 14:33:48.157000-05:00,224.96,800.0,224.94999999999996,25,224.96,352
2017-01-03 14:33:50.216000-05:00,224.95,100.0,224.95,8,224.96,508
2017-01-03 14:33:50.495000-05:00,224.95,282.0,224.9442857142857,112,224.9557142857143,579
2017-01-03 14:33:50.535000-05:00,224.95499999999998,805.0,224.94375,405,224.95499999999998,240
2017-01-03 14:33:51.256000-05:00,224.96,1099.0,224.95,1268,224.9659523809524,1919
2017-01-03 14:33:52.157000-05:00,224.97,1.0,224.96,29,224.98,61
2017-01-03 14:33:53.075000-05:00,224.97,100.0,224.96,94,224.97,12
2017-01-03 14:33:53.287000-05:00,224.96,700.0,224.96,68,224.97,12
2017-01-03 14:33:53.396000-05:00,224.96,200.0,224.96,66,224.97,18
2017-01-03 14:33:53.526000-05:00,224.96,3200.0,224.95266666666666,489,224.97,116
2017-01-03 14:33:53.565000-05:00,224.96,800.0,224.95,162,224.97,24
2017-01-03 14:33:53.796000-05:00,224.96,300.0,224.9557142857143,138,224.97,39
2017-01-03 14:33:54.065000-05:00,224.96,600.0,224.95222222222222,317,224.97,71
2017-01-03 14:33:54.125000-05:00,224.96857142857144,1483.0,224.95615384615382,193,224.97,249
2017-01-03 14:33:54.155000-05:00,224.97,100.0,224.95999999999998,88,224.96999999999997,30
2017-01-03 14:33:54.276000-05:00,224.97,700.0,224.96,81,224.975,78
2017-01-03 14:33:54.316000-05:00,224.97,100.0,224.96,114,224.97,4
2017-01-03 14:33:55.286000-05:00,224.98,2300.0,224.96999999999997,314,224.988,541
2017-01-03 14:33:55.946000-05:00,224.99,101.0,224.98,36,224.99,3
2017-01-03 14:33:55.947000-05:00,224.99,100.0,224.98444444444442,676,224.99833333333333,305
2017-01-03 14:33:56.097000-05:00,225.0,100.0,224.99,158,225.0,59
2017-01-03 14:33:56.158000-05:00,225.0,800.0,224.99,90,225.0,24
2017-01-03 14:33:56.254000-05:00,225.0,998.0,224.99333333333334,148,225.01,798
2017-01-03 14:33:56.267000-05:00,225.0,100.0,224.99,280,225.00428571428571,424
2017-01-03 14:33:57.045000-05:00,224.99,900.0,224.99,263,225.0,149
2017-01-03 14:33:58.185000-05:00,224.99,1300.0,224.98666666666668,271,225.0,140
2017-01-03 14:33:58.195000-05:00,224.99,62.0,224.98142857142855,479,224.99214285714288,130
2017-01-03 14:33:59.627000-05:00,224.99,222.0,224.98199999999997,151,224.998,64
2017-01-03 14:33:59.757000-05:00,224.99,250.0,224.98,37,224.99,1
2017-01-03 14:34:00.044000-05:00,224.99,550.0,224.99,5,225.0,9
2017-01-03 14:34:00.157000-05:00,225.0,800.0,224.99,11,225.0,2
2017-01-03 14:34:00.714000-05:00,224.99,1750.0,224.98,452,224.99666666666667,137
2017-01-03 14:34:00.785000-05:00,224.99,322.0,224.99,5,225.0,24
2017-01-03 14:34:00.794000-05:00,224.99,100.0,224.9875,87,225.0,198
2017-01-03 14:34:03.067000-05:00,225.0,600.0,224.99,192,225.0,49
2017-01-03 14:34:03.237000-05:00,225.0,100.0,224.99,317,225.0,19
2017-01-03 14:34:03.254000-05:00,225.0,100.0,224.99,421,225.00777777777776,766
2017-01-03 14:34:03.364000-05:00,225.005,40.0,224.99875,103,225.01,701
2017-01-03 14:34:03.417000-05:00,224.99571428571429,1427.0,224.99444444444444,227,225.00555555555556,446
2017-01-03 14:34:03.437000-05:00,224.99,100.0,224.99,221,225.0,26
2017-01-03 14:34:04.154000-05:00,225.0,800.0,224.99,195,225.0,46
2017-01-03 14:34:05.037000-05:00,224.99,1431.0,224.99,100,225.0,140
2017-01-03 14:34:05.155000-05:00,225.0,222.0,224.99,15,225.0,30
2017-01-03 14:34:05.497000-05:00,225.0,1256.0,224.99,248,225.01,854
2017-01-03 14:34:05.536000-05:00,225.01,265.0,225.0,908,225.01230769230767,239
2017-01-03 14:34:05.565000-05:00,225.01,792.0,225.00333333333333,180,225.015,83
2017-01-03 14:34:05.678000-05:00,225.0,200.0,225.0,32,225.01,257
2017-01-03 14:34:05.904000-05:00,225.01,569.0,225.0,1093,225.01171428571428,703
2017-01-03 14:34:06.397000-05:00,225.00666666666666,400.0,225.0,172,225.01,871
2017-01-03 14:34:06.487000-05:00,225.01,1000.0,225.01,84,225.02000000000004,50
2017-01-03 14:34:06.544000-05:00,225.01,300.0,225.01,45,225.02,14
2017-01-03 14:34:07.107000-05:00,225.02,100.0,225.01,34,225.02,6
2017-01-03 14:34:07.384000-05:00,225.01,1900.0,225.0075,908,225.02000000000004,548
2017-01-03 14:34:08.168000-05:00,225.02,800.0,225.01,107,225.02000000000004,23
2017-01-03 14:34:09.074000-05:00,225.02,1210.0,225.01,127,225.02000000000004,583
