xltime;trade-price;trade-volume;bid-price;bid-volume;ask-price;ask-volume
2017-01-03 14:30:00.822000-05:00;225.08;1200.0;115.75;1;115.82;297
2017-01-03 14:30:01.581000-05:00;225.07;148.0;115.78333333333335;3;115.82;13
2017-01-03 14:30:01.931000-05:00;225.09;159.0;115.71999999999998;3;115.79666666666667;3
2017-01-03 14:30:04.801000-05:00;225.08;600.0;115.72222222222223;28;115.78999999999999;12
2017-01-03 14:30:15.271000-05:00;225.06;400.0;115.7;10;115.75;3
2017-01-03 14:30:19.850000-05:00;225.0525;500.0;115.56;6;115.69666666666667;4
2017-01-03 14:30:55.930000-05:00;224.96625;4271.0;115.82;3;115.88;1
2017-01-03 14:30:57.530000-05:00;224.97;1000.0;115.86;3;115.9;5
2017-01-03 14:31:05.085000-05:00;224.94;757.0;115.95;3;115.99;8
2017-01-03 14:31:05.309000-05:00;224.94999999999996;259.0;115.94375;24;115.99;32
2017-01-03 14:31:11.250000-05:00;224.9416666666667;1947.0;115.84999999999998;5;115.92;14
2017-01-03 14:31:11.469000-05:00;224.94;100.0;115.85000000000001;3;115.88;7
2017-01-03 14:31:19.976000-05:00;224.885;100.0;115.97;16;115.99600000000001;582
2017-01-03 14:31:21.810000-05:00;224.85;1422.0;115.96;2;115.98;2
2017-01-03 14:31:33.758000-05:00;224.89;1387.0;116.12;3;116.16;5
2017-01-03 14:31:42.009000-05:00;224.87;100.0;116.16;5;116.2;40
2017-01-03 14:31:43.748000-05:00;224.87;700.0;116.2;1;116.24;1
2017-01-03 14:31:43.859000-05:00;224.87;400.0;116.18875;9;116.21374999999999;40
2017-01-03 14:31:44.119000-05:00;224.86;500.0;116.18;4;116.22;9
2017-01-03 14:31:49.049000-05:00;224.84;1300.0;116.19;1;116.2;2
2017-01-03 14:31:51.768000-05:00;224.87;100.0;116.20599999999999;20;116.23999999999998;5
2017-01-03 14:31:52.060000-05:00;224.86;400.0;116.21;1;116.24;1
2017-01-03 14:31:55.178000-05:00;224.8542857142857;3154.0;116.205;4;116.22;4
2017-01-03 14:31:58.588000-05:00;224.8325;2151.0;116.23;19;116.25;70
2017-01-03 14:32:06.188000-05:00;224.86;100.0;116.24;2;116.26;2
2017-01-03 14:32:08.480000-05:00;224.87;100.0;116.25399999999999;7;116.27000000000001;13
2017-01-03 14:32:36.547000-05:00;224.88;2000.0;116.29;7;116.32;3
2017-01-03 14:32:40.714000-05:00;224.86;500.0;116.25;1;116.28;1
2017-01-03 14:32:47.647000-05:00;224.90666666666667;1640.0;116.285;23;116.30875;26
2017-01-03 14:32:53.067000-05:00;224.87;100.0;116.29;4;116.31;3
2017-01-03 14:33:09.296000-05:00;224.89;1300.0;116.21;7;116.24;9
2017-01-03 14:33:09.916000-05:00;224.9;800.0;116.19;29;116.21249999999999;6
2017-01-03 14:33:15.206000-05:00;224.92;900.0;116.14;2;116.15;3
2017-01-03 14:33:20.526000-05:00;224.92999999999998;2856.0;116.14;12;116.16000000000001;9
2017-01-03 14:33:24.151000-05:00;224.93;800.0;116.07;8;116.12;11
2017-01-03 14:33:30.115000-05:00;224.935;100.0;116.06;3;116.08;2
2017-01-03 14:33:41.285000-05:00;224.95;234.0;116.03;2;116.04;3
2017-01-03 14:33:54.065000-05:00;224.96;600.0;116.06;10;116.08;9
2017-01-03 14:33:57.045000-05:00;224.99;900.0;116.08;7;116.12;3
2017-01-03 14:33:58.195000-05:00;224.99;62.0;116.1;1;116.12;2
2017-01-03 14:34:06.544000-05:00;225.01;300.0;116.16;22;116.18;34
2017-01-03 14:34:14.654000-05:00;225.03;2100.0;116.1675;13;116.19;6
2017-01-03 14:34:14.904000-05:00;225.05;100.0;116.18;6;116.2;9
2017-01-03 14:34:14.914000-05:00;225.05;2000.0;116.18;9;116.2;13
2017-01-03 14:34:14.924000-05:00;225.05000000000004;1200.0;116.18;4;116.2;7
2017-01-03 14:34:17.474000-05:00;225.09;200.0;116.21;12;116.24;19
2017-01-03 14:34:20.172000-05:00;225.08;800.0;116.18;12;116.20166666666667;23
2017-01-03 14:34:23.584000-05:00;225.06;148.0;116.17;19;116.18;38
2017-01-03 14:34:24.213000-05:00;225.05000000000004;1315.0;116.16000000000001;106;116.17;24
2017-01-03 14:34:30.054000-05:00;225.05000000000004;1200.0;116.17;2;116.18;4
2017-01-03 14:34:35.043000-05:00;225.07000000000002;1100.0;116.15;3;116.16;1
2017-01-03 14:34:35.065000-05:00;225.08;600.0;116.15;3;116.17;8
2017-01-03 14:34:37.358000-05:00;225.1;100.0;116.16;9;116.17;4
2017-01-03 14:34:40.684000-05:00;225.11000000000004;6248.0;116.1525;53;116.16499999999999;20
2017-01-03 14:34:43.443000-05:00;225.12;200.0;116.16666666666667;49;116.18;33
2017-01-03 14:34:45.043000-05:00;225.12666666666667;2698.0;116.16000000000001;68;116.18;45
2017-01-03 14:34:47.713000-05:00;225.13;500.0;116.16;12;116.18;2
2017-01-03 14:34:47.753000-05:00;225.14;100.0;116.17;1;116.18;2
2017-01-03 14:34:53.799000-05:00;225.13;553.0;116.1375;5;116.16;9
2017-01-03 14:34:54.349000-05:00;225.13;1000.0;116.15000000000002;40;116.17;11
2017-01-03 14:35:02.113000-05:00;225.14;212.0;116.1925;24;116.21;21
2017-01-03 14:35:04.262000-05:00;225.18;123.0;116.15799999999999;24;116.203;34
2017-01-03 14:35:04.363000-05:00;225.18;200.0;116.16000000000001;26;116.2;19
2017-01-03 14:35:06.103000-05:00;225.18;101.0;116.17;3;116.2;4
2017-01-03 14:35:10.723000-05:00;225.2;300.0;116.2;8;116.21999999999998;6
2017-01-03 14:35:15.063000-05:00;225.22599999999997;600.0;116.22999999999999;22;116.23999999999998;15
2017-01-03 14:35:20.241000-05:00;225.21;1184.0;116.18;3;116.21;3
2017-01-03 14:35:20.252000-05:00;225.22;800.0;116.18;3;116.2;3
2017-01-03 14:35:24.262000-05:00;225.21999999999997;800.0;116.16888888888889;16;116.18;45
2017-01-03 14:35:25.462000-05:00;225.21;537.0;116.18;2;116.19;3
2017-01-03 14:35:28.482000-05:00;225.22;100.0;116.19;1;116.2;7
2017-01-03 14:35:32.260000-05:00;225.23;400.0;116.17;6;116.19;9
2017-01-03 14:35:32.321000-05:00;225.23;44.0;116.17937500000001;23;116.19125;65
2017-01-03 14:35:33.571000-05:00;225.23;100.0;116.16;4;116.19;3
2017-01-03 14:35:34.852000-05:00;225.23;700.0;116.16;3;116.18;2
2017-01-03 14:35:35.190000-05:00;225.23;222.0;116.16;11;116.18000000000002;11
2017-01-03 14:35:38.341000-05:00;225.24;100.0;116.1325;7;116.15;26
2017-01-03 14:35:38.482000-05:00;225.22;200.0;116.10270833333334;76;116.12541666666668;315
2017-01-03 14:35:39.772000-05:00;225.24;100.0;116.11;3;116.12;4
2017-01-03 14:35:40.272000-05:00;225.24;800.0;116.12;5;116.14;3
2017-01-03 14:35:40.532000-05:00;225.24;100.0;116.12;5;116.14;2
2017-01-03 14:35:43.861000-05:00;225.25;1590.0;116.16;12;116.174;19
2017-01-03 14:35:45.201000-05:00;225.25;221.0;116.136;16;116.16;37
2017-01-03 14:35:47.201000-05:00;225.25;900.0;116.12;2;116.14;4
2017-01-03 14:35:47.881000-05:00;225.23;886.0;116.12;8;116.1425;12
2017-01-03 14:35:48.022000-05:00;225.24;400.0;116.12;4;116.15;9
2017-01-03 14:35:53.601000-05:00;225.22;100.0;116.15;13;116.16;4
2017-01-03 14:35:53.631000-05:00;225.21;3632.0;116.15;11;116.16;4
2017-01-03 14:35:54.684000-05:00;225.2030769230769;5356.0;116.12;2;116.13;7
2017-01-03 14:36:04.861000-05:00;225.23;201.0;116.155;4;116.17;2
2017-01-03 14:36:05.973000-05:00;225.24;880.0;116.13;20;116.16;17
2017-01-03 14:36:11.227000-05:00;225.23;100.0;116.16;7;116.18;164
2017-01-03 14:36:36.400000-05:00;225.19;1000.0;116.19000000000001;15;116.204;11
2017-01-03 14:36:40.114000-05:00;225.14928571428572;1398.0;116.13;4;116.15;3
2017-01-03 14:36:40.431000-05:00;225.16;844.0;116.14;16;116.1625;10
2017-01-03 14:36:42.740000-05:00;225.17;100.0;116.14;21;116.16000000000001;10
2017-01-03 14:36:44.330000-05:00;225.15875;800.0;116.15;15;116.16;10
2017-01-03 14:36:48.839000-05:00;225.13916666666668;781.0;116.12333333333333;11;116.14;15
2017-01-03 14:36:49.730000-05:00;225.13;700.0;116.13;12;116.14000000000001;25
2017-01-03 14:36:56.339000-05:00;225.14;100.0;116.11;11;116.13;3
2017-01-03 14:36:56.470000-05:00;225.14;121.0;116.11;22;116.13;3
2017-01-03 14:36:56.579000-05:00;225.14;754.0;116.11;11;116.13;2
2017-01-03 14:36:57.459000-05:00;225.13;3957.0;116.055;6;116.08;12
2017-01-03 14:36:58.234000-05:00;225.13000000000002;2086.0;116.0575;7;116.08;16
2017-01-03 14:36:58.569000-05:00;225.13000000000002;2534.0;116.05;9;116.07333333333332;7
2017-01-03 14:37:05.279000-05:00;225.13;300.0;116.01;2;116.03;9
2017-01-03 14:37:08.336000-05:00;225.13000000000002;800.0;115.92;3;115.94;4
2017-01-03 14:37:12.447000-05:00;225.11;200.0;115.86;2;115.89;3
2017-01-03 14:37:12.659000-05:00;225.11;642.0;115.86;9;115.88;5
2017-01-03 14:37:15.899000-05:00;225.1;4283.0;115.876;13;115.888;10
2017-01-03 14:37:16.918000-05:00;225.09;300.0;115.85;3;115.87;2
2017-01-03 14:37:16.929000-05:00;225.09;400.0;115.85;12;115.87;6
2017-01-03 14:37:18.628000-05:00;225.11;500.0;115.85;12;115.87;6
2017-01-03 14:37:21.958000-05:00;225.13;100.0;115.86500000000001;17;115.88166666666666;14
2017-01-03 14:37:25.469000-05:00;225.12;100.0;115.82;4;115.83;18
2017-01-03 14:37:25.470000-05:00;225.11166666666668;1139.0;115.80642857142857;23;115.8292857142857;101
2017-01-03 14:37:26.027000-05:00;225.1;1.0;115.71;2;115.73;2
2017-01-03 14:37:27.698000-05:00;225.13;100.0;115.71;7;115.73;15
2017-01-03 14:37:27.878000-05:00;225.12999999999997;1718.0;115.73;12;115.74166666666666;15
2017-01-03 14:37:31.198000-05:00;225.11642857142857;3625.0;115.70818181818181;28;115.72636363636364;49
2017-01-03 14:37:31.219000-05:00;225.1;201.0;115.70142857142856;10;115.71714285714286;13
2017-01-03 14:37:36.398000-05:00;225.09;100.0;115.7;6;115.72;9
2017-01-03 14:37:37.038000-05:00;225.09;1000.0;115.72;1;115.74;4
2017-01-03 14:37:39.138000-05:00;225.12;100.0;115.7375;9;115.75;13
2017-01-03 14:37:39.879000-05:00;225.11000000000004;2400.0;115.72;44;115.74;14
2017-01-03 14:37:46.518000-05:00;225.12;101.0;115.8;6;115.82;14
2017-01-03 14:37:46.738000-05:00;225.13;100.0;115.81;3;115.83;6
2017-01-03 14:37:50.007000-05:00;225.12;618.0;115.74;3;115.76;2
2017-01-03 14:37:53.547000-05:00;225.12;600.0;115.73;24;115.74;8
2017-01-03 14:38:04.357000-05:00;225.1;1001.0;115.66;5;115.68;5
2017-01-03 14:38:04.358000-05:00;225.1;100.0;115.66000000000001;6;115.68;15
2017-01-03 14:38:04.557000-05:00;225.1;200.0;115.66;1;115.68;6
2017-01-03 14:38:08.428000-05:00;225.1;100.0;115.66392857142857;69;115.68321428571429;103
2017-01-03 14:38:10.107000-05:00;225.12;440.0;115.7;6;115.71999999999998;11
2017-01-03 14:38:12.117000-05:00;225.11;500.0;115.71;7;115.72;5
2017-01-03 14:38:12.227000-05:00;225.11;100.0;115.71;7;115.72;6
2017-01-03 14:38:20.586000-05:00;225.07;200.0;115.68999999999998;7;115.7;60
2017-01-03 14:38:22.217000-05:00;225.07;100.0;115.69;21;115.70333333333333;17
2017-01-03 14:38:22.427000-05:00;225.07;200.0;115.69;3;115.7;2
2017-01-03 14:38:22.807000-05:00;225.07000000000002;800.0;115.67615384615384;21;115.70000000000002;62
2017-01-03 14:38:23.126000-05:00;225.065;244.0;115.655;4;115.67;4
2017-01-03 14:38:23.552000-05:00;225.05;100.0;115.63;1;115.64;1
2017-01-03 14:38:28.477000-05:00;225.01;100.0;115.53666666666668;7;115.56;3
2017-01-03 14:38:28.487000-05:00;225.01;1200.0;115.5525;58;115.5675;24
2017-01-03 14:38:30.107000-05:00;225.02;800.0;115.60142857142857;48;115.61666666666666;52
2017-01-03 14:38:30.116000-05:00;225.01;13.0;115.61736842105263;93;115.63157894736842;137
2017-01-03 14:38:30.376000-05:00;225.01;200.0;115.58727272727273;38;115.60181818181817;19
2017-01-03 14:38:31.947000-05:00;225.01;1289.0;115.59;3;115.61;3
2017-01-03 14:38:32.445000-05:00;225.01;500.0;115.6;3;115.61;2
2017-01-03 14:38:33.396000-05:00;225.0;1702.0;115.62;9;115.63;5
2017-01-03 14:38:33.456000-05:00;225.0;52.0;115.58999999999999;27;115.61;58
2017-01-03 14:38:34.496000-05:00;224.97;1200.0;115.54;3;115.56;1
2017-01-03 14:38:35.217000-05:00;224.96;3703.0;115.52;2;115.54;2
2017-01-03 14:38:36.396000-05:00;224.94;800.0;115.52;2;115.54;3
2017-01-03 14:38:39.356000-05:00;224.93999999999997;1600.0;115.47;30;115.4875;29
2017-01-03 14:38:40.436000-05:00;224.95;800.0;115.49;5;115.5;11
2017-01-03 14:38:42.786000-05:00;224.91;137.0;115.29428571428572;17;115.3157142857143;16
2017-01-03 14:38:42.956000-05:00;224.9;21.0;115.25;16;115.27;3
2017-01-03 14:38:44.059000-05:00;224.87875;1100.0;115.24;28;115.25625000000001;24
2017-01-03 14:38:44.156000-05:00;224.88;900.0;115.25;34;115.27000000000001;15
2017-01-03 14:38:44.736000-05:00;224.87;1100.0;115.23;24;115.25;12
2017-01-03 14:38:45.276000-05:00;224.87666666666667;441.0;115.2664705882353;45;115.28588235294119;27
2017-01-03 14:38:45.436000-05:00;224.9;300.0;115.3;13;115.31428571428572;13
2017-01-03 14:38:45.726000-05:00;224.89;105.0;115.29;2;115.31;5
2017-01-03 14:38:45.887000-05:00;224.89;100.0;115.29;3;115.31;2
2017-01-03 14:38:47.178000-05:00;224.93;100.0;115.31;4;115.32;6
2017-01-03 14:38:47.198000-05:00;224.93;2100.0;115.3;16;115.32;6
2017-01-03 14:38:49.646000-05:00;224.95;742.0;115.32;7;115.3425;8
2017-01-03 14:38:52.435000-05:00;224.91;500.0;115.38;5;115.4;20
2017-01-03 14:38:52.436000-05:00;224.91;200.0;115.39000000000001;15;115.4;45
2017-01-03 14:38:52.476000-05:00;224.93285714285713;2041.0;115.41625;12;115.42875000000001;20
2017-01-03 14:38:57.515000-05:00;224.91;2.0;115.38;3;115.4;5
2017-01-03 14:39:01.146000-05:00;224.88;800.0;115.37;32;115.4;56
2017-01-03 14:39:04.058000-05:00;224.86999999999998;1366.0;115.41000000000001;15;115.42333333333333;8
2017-01-03 14:39:11.241000-05:00;224.83;1300.0;115.38;2;115.4;6
2017-01-03 14:39:11.785000-05:00;224.83;1101.0;115.37;3;115.4;8
2017-01-03 14:39:13.606000-05:00;224.8395833333333;5100.0;115.39;3;115.4;14
2017-01-03 14:39:13.815000-05:00;224.84;100.0;115.39;3;115.4;8
2017-01-03 14:39:14.075000-05:00;224.85;100.0;115.32833333333333;23;115.33999999999999;19
2017-01-03 14:39:16.764000-05:00;224.85;247.0;115.2;3;115.22;2
2017-01-03 14:39:19.805000-05:00;224.86999999999998;4595.0;115.26000000000002;10;115.276;8
2017-01-03 14:39:22.715000-05:00;224.87;30.0;115.252;25;115.27466666666666;39
2017-01-03 14:39:34.246000-05:00;224.82;200.0;115.24483870967742;57;115.2683870967742;172
2017-01-03 14:39:34.536000-05:00;224.82000000000002;500.0;115.19444444444444;23;115.22444444444444;12
2017-01-03 14:39:35.884000-05:00;224.83;1.0;115.18;13;115.205;23
2017-01-03 14:39:38.397000-05:00;224.83;300.0;115.16;4;115.18;7
2017-01-03 14:39:39.334000-05:00;224.83;131.0;115.13;11;115.146;10
2017-01-03 14:39:39.367000-05:00;224.82000000000002;500.0;115.12;10;115.14;2
2017-01-03 14:39:39.725000-05:00;224.82;100.0;115.11;2;115.13;5
2017-01-03 14:39:40.124000-05:00;224.83;300.0;115.13;1;115.14;1
2017-01-03 14:39:40.137000-05:00;224.83;800.0;115.13;2;115.14;1
2017-01-03 14:39:40.764000-05:00;224.82000000000002;600.0;115.13;4;115.14;6
2017-01-03 14:39:43.499000-05:00;224.83;300.0;115.17;5;115.18333333333334;6
2017-01-03 14:39:45.436000-05:00;224.8192857142857;4640.0;115.14;2;115.16;1
2017-01-03 14:39:48.608000-05:00;224.83;1253.0;115.15;3;115.16;8
2017-01-03 14:39:49.884000-05:00;224.83285714285716;1711.0;115.16499999999999;55;115.17714285714285;30
2017-01-03 14:39:52.244000-05:00;224.86428571428573;1624.0;115.19;3;115.2;2
2017-01-03 14:39:54.744000-05:00;224.86;200.0;115.18;2;115.2;1
2017-01-03 14:39:55.534000-05:00;224.86;200.0;115.19;3;115.21;8
2017-01-03 14:39:55.624000-05:00;224.87;123.0;115.194;12;115.21599999999998;17
2017-01-03 14:39:57.253000-05:00;224.865;2965.0;115.22;2;115.24;9
2017-01-03 14:40:00.883000-05:00;224.85999999999999;1200.0;115.2;3;115.21999999999998;4
2017-01-03 14:40:01.423000-05:00;224.86;5044.0;115.2;1;115.21;2
2017-01-03 14:40:01.535000-05:00;224.87000000000003;3886.0;115.2;3;115.23;5
2017-01-03 14:40:04.724000-05:00;224.89;400.0;115.16;3;115.18;16
2017-01-03 14:40:11.383000-05:00;224.89900000000003;1200.0;115.14200000000001;45;115.15799999999999;32
2017-01-03 14:40:12.633000-05:00;224.87;450.0;115.03750000000001;4;115.05;55
2017-01-03 14:40:12.763000-05:00;224.87;500.0;115.04;4;115.05;19
2017-01-03 14:40:22.323000-05:00;224.88;700.0;115.14;2;115.15;1
2017-01-03 14:40:22.833000-05:00;224.87;100.0;115.14;4;115.15;2
2017-01-03 14:40:22.843000-05:00;224.87;300.0;115.14;4;115.15;3
2017-01-03 14:40:22.923000-05:00;224.86;231.0;115.14;4;115.15;3
2017-01-03 14:40:24.213000-05:00;224.84;101.0;115.12666666666667;5;115.15000000000002;14
2017-01-03 14:40:28.205000-05:00;224.89000000000001;2159.0;115.21;12;115.23;13
2017-01-03 14:40:30.793000-05:00;224.9;1400.0;115.20666666666666;5;115.21999999999998;6
2017-01-03 14:40:34.206000-05:00;224.9;1100.0;115.18;4;115.21;11
2017-01-03 14:40:39.323000-05:00;224.91;100.0;115.21700000000001;17;115.232;24
2017-01-03 14:40:39.964000-05:00;224.89;18.0;115.22;3;115.23;2
2017-01-03 14:40:41.643000-05:00;224.92;200.0;115.21666666666665;5;115.23;3
2017-01-03 14:40:42.243000-05:00;224.93;100.0;115.2209090909091;29;115.23818181818181;16
2017-01-03 14:40:44.143000-05:00;224.95;300.0;115.25;5;115.27;4
2017-01-03 14:40:44.322000-05:00;224.95;200.0;115.26;1;115.27;3
2017-01-03 14:40:45.063000-05:00;224.95;300.0;115.27;3;115.28;4
2017-01-03 14:40:47.802000-05:00;224.96;1000.0;115.21;1;115.23;2
2017-01-03 14:40:49.902000-05:00;224.94999999999996;3495.0;115.21999999999998;14;115.24;20
2017-01-03 14:40:53.522000-05:00;224.95;500.0;115.24;3;115.25;4
2017-01-03 14:40:55.332000-05:00;224.94;2600.0;115.26;3;115.28;3
2017-01-03 14:40:55.853000-05:00;224.94;2500.0;115.25;4;115.27;2
2017-01-03 14:40:57.872000-05:00;224.92;291.0;115.27;2;115.29;4
2017-01-03 14:40:58.192000-05:00;224.92;1001.0;115.3;6;115.31;8
2017-01-03 14:41:00.792000-05:00;224.9175;800.0;115.29;2;115.31;2
2017-01-03 14:41:03.892000-05:00;224.92;300.0;115.28;1;115.29;1
2017-01-03 14:41:11.492000-05:00;224.95;101.0;115.38;13;115.40000000000002;39
2017-01-03 14:41:12.261000-05:00;224.97;201.0;115.38;5;115.4;30
2017-01-03 14:41:28.851000-05:00;224.97;100.0;115.23;2;115.25;3
2017-01-03 14:41:29.312000-05:00;224.97;200.0;115.22428571428573;17;115.24;23
2017-01-03 14:41:29.932000-05:00;224.96;200.0;115.22714285714287;15;115.24857142857142;9
2017-01-03 14:41:30.151000-05:00;224.95;100.0;115.21444444444445;23;115.23222222222222;27
2017-01-03 14:41:30.691000-05:00;224.94;1000.0;115.19;2;115.21;2
2017-01-03 14:41:44.800000-05:00;224.99;800.0;115.21;5;115.22;10
2017-01-03 14:41:47.055000-05:00;224.98;200.0;115.1725;18;115.18916666666667;13
2017-01-03 14:41:50.145000-05:00;224.98;100.0;115.18;1;115.19;3
2017-01-03 14:41:52.571000-05:00;224.98;1800.0;115.17;4;115.19;9
2017-01-03 14:41:53.141000-05:00;224.98;300.0;115.17833333333334;14;115.19;51
2017-01-03 14:42:00.141000-05:00;224.92;5510.0;115.11;9;115.13666666666666;6
2017-01-03 14:42:02.530000-05:00;224.91;100.0;115.096;13;115.12;10
2017-01-03 14:42:10.610000-05:00;224.87;400.0;115.08;2;115.09;5
2017-01-03 14:42:11.170000-05:00;224.86599999999999;816.0;115.08;1;115.09;2
2017-01-03 14:42:14.430000-05:00;224.85;100.0;114.84;3;114.87;3
2017-01-03 14:42:15.580000-05:00;224.83;500.0;114.76;29;114.77;10
2017-01-03 14:42:15.601000-05:00;224.83;988.0;114.76;2;114.77;4
2017-01-03 14:42:15.950000-05:00;224.80000000000004;14700.0;114.79;23;114.80666666666667;19
2017-01-03 14:42:19.031000-05:00;224.86;1246.0;115.04;8;115.05142857142857;13
2017-01-03 14:42:19.034000-05:00;224.85999999999999;4427.0;115.04;17;115.06125;17
2017-01-03 14:42:19.090000-05:00;224.87;900.0;115.03;5;115.05;8
2017-01-03 14:42:21.290000-05:00;224.86;500.0;114.90000000000002;4;114.92;3
2017-01-03 14:42:24.629000-05:00;224.87;450.0;114.9;26;114.92545454545456;35
2017-01-03 14:42:30.279000-05:00;224.85;1000.0;115.0;16;115.01142857142858;22
2017-01-03 14:42:37.500000-05:00;224.86;19.0;115.0;3;115.02;1
2017-01-03 14:42:37.669000-05:00;224.86;200.0;115.02;1;115.04;2
2017-01-03 14:42:39.510000-05:00;224.86;1200.0;115.03;4;115.05;9
2017-01-03 14:43:04.969000-05:00;224.88000000000002;302.0;115.16499999999999;5;115.2;2
2017-01-03 14:43:04.979000-05:00;224.88;100.0;115.17;5;115.2;2
2017-01-03 14:43:47.721000-05:00;224.87;200.0;115.27;4;115.28;3
2017-01-03 14:44:06.437000-05:00;224.94;300.0;115.295;12;115.33;16
2017-01-03 14:44:09.396000-05:00;224.95;600.0;115.34;6;115.37;7
2017-01-03 14:44:09.427000-05:00;224.95;400.0;115.34;3;115.37;4
2017-01-03 14:44:21.778000-05:00;224.94;3.0;115.41;3;115.44;2
2017-01-03 14:44:22.017000-05:00;224.92999999999998;1300.0;115.39;27;115.42375;21
2017-01-03 14:44:27.576000-05:00;224.89;400.0;115.4;2;115.41;2
2017-01-03 14:44:28.066000-05:00;224.87000000000003;1000.0;115.4;8;115.435;8
2017-01-03 14:44:30.174000-05:00;224.88;200.0;115.4;5;115.43;8
2017-01-03 14:45:01.949000-05:00;224.97;100.0;115.41;1;115.43;4
2017-01-03 14:45:09.709000-05:00;224.98;100.0;115.32;5;115.35;3
2017-01-03 14:45:12.926000-05:00;224.97;1407.0;115.31666666666666;15;115.33999999999999;12
2017-01-03 14:45:27.494000-05:00;224.99;300.0;115.25;5;115.29;1
2017-01-03 14:45:33.854000-05:00;224.97;200.0;115.28999999999999;14;115.30714285714285;37
2017-01-03 14:45:36.474000-05:00;224.95;200.0;115.32;7;115.33333333333333;8
2017-01-03 14:45:39.074000-05:00;224.93;200.0;115.31599999999999;11;115.332;17
2017-01-03 14:45:49.674000-05:00;224.96999999999997;851.0;115.3;8;115.31999999999998;26
2017-01-03 14:45:49.693000-05:00;224.97;600.0;115.30333333333333;12;115.32;17
2017-01-03 14:45:52.525000-05:00;224.95;500.0;115.3;4;115.32;11
2017-01-03 14:46:06.872000-05:00;225.0;179.0;115.35;3;115.36;1
2017-01-03 14:46:07.023000-05:00;225.0;319.0;115.35;3;115.36;3
2017-01-03 14:46:07.877000-05:00;225.02666666666667;500.0;115.37;1;115.38;5
2017-01-03 14:46:15.843000-05:00;225.03;100.0;115.38;4;115.39;5
2017-01-03 14:46:20.242000-05:00;225.02;200.0;115.39;5;115.4;2
2017-01-03 14:46:30.241000-05:00;225.03;100.0;115.41;2;115.42;1
2017-01-03 14:47:01.521000-05:00;224.98;101.0;115.33;15;115.35;31
2017-01-03 14:47:06.494000-05:00;224.96;100.0;115.28;5;115.3;2
2017-01-03 14:47:11.181000-05:00;224.95;2090.0;115.29733333333334;42;115.31666666666666;77
2017-01-03 14:47:19.580000-05:00;224.92;4600.0;115.29;4;115.3;1
2017-01-03 14:47:27.341000-05:00;224.92;245.0;115.25727272727272;50;115.27318181818181;124
2017-01-03 14:47:29.721000-05:00;224.91;2.0;115.27;1;115.28;5
2017-01-03 14:47:31.353000-05:00;224.88;2200.0;115.29;60;115.3;30
2017-01-03 14:47:36.759000-05:00;224.87;25.0;115.27000000000001;9;115.282;16
2017-01-03 14:47:43.820000-05:00;224.84;1400.0;115.26;2;115.28;4
2017-01-03 14:47:45.140000-05:00;224.8275;400.0;115.29;1;115.3;4
2017-01-03 14:47:57.100000-05:00;224.87;100.0;115.26;3;115.27;4
2017-01-03 14:48:02.779000-05:00;224.89;200.0;115.25;6;115.26;3
2017-01-03 14:48:03.430000-05:00;224.89;384.0;115.26;27;115.27875;25
2017-01-03 14:48:19.449000-05:00;224.84;112.0;115.25;5;115.26;3
2017-01-03 14:48:24.379000-05:00;224.85;888.0;115.235;7;115.25;10
2017-01-03 14:48:26.980000-05:00;224.83;1113.0;115.22;5;115.24;48
2017-01-03 14:48:28.019000-05:00;224.79;300.0;115.16000000000001;25;115.18;44
2017-01-03 14:48:29.328000-05:00;224.8;200.0;115.16;10;115.17;5
2017-01-03 14:48:35.069000-05:00;224.8;202.0;115.13;1;115.14;2
2017-01-03 14:48:37.231000-05:00;224.78;2100.0;115.10333333333334;25;115.12888888888887;91
2017-01-03 14:48:37.469000-05:00;224.77;301.0;115.09;7;115.11;8
2017-01-03 14:48:47.709000-05:00;224.84;270.0;115.14;21;115.16;16
2017-01-03 14:48:53.318000-05:00;224.83;352.0;115.09;3;115.1;6
2017-01-03 14:48:53.478000-05:00;224.84;4130.0;115.09555555555555;28;115.10666666666667;31
2017-01-03 14:48:58.849000-05:00;224.85;177.0;115.05999999999999;43;115.08;57
2017-01-03 14:49:02.348000-05:00;224.88;151.0;115.11;37;115.13;21
2017-01-03 14:49:06.617000-05:00;224.9;135.0;115.16285714285713;27;115.17428571428572;13
2017-01-03 14:49:15.178000-05:00;224.94;801.0;115.26000000000002;26;115.28;14
2017-01-03 14:49:19.497000-05:00;224.94999999999996;300.0;115.27;1;115.28;4
2017-01-03 14:49:21.798000-05:00;224.95;155.0;115.27;16;115.28;8
2017-01-03 14:49:22.247000-05:00;224.94;457.0;115.27;4;115.28;5
2017-01-03 14:49:25.587000-05:00;224.929;1400.0;115.23971428571429;91;115.25228571428572;273
2017-01-03 14:49:25.598000-05:00;224.929;300.0;115.22200000000001;13;115.23999999999998;20
2017-01-03 14:49:27.107000-05:00;224.91;102.0;115.22666666666667;6;115.24;15
2017-01-03 14:49:29.219000-05:00;224.93;100.0;115.25;5;115.26200000000001;25
2017-01-03 14:49:33.137000-05:00;224.91;200.0;115.20590909090907;67;115.22227272727272;74
2017-01-03 14:49:43.267000-05:00;224.91;925.0;115.2;27;115.22;19
2017-01-03 14:49:57.266000-05:00;224.87;2000.0;115.23;3;115.24;4
2017-01-03 14:50:10.726000-05:00;224.82666666666668;895.0;115.2;4;115.21;5
2017-01-03 14:50:11.396000-05:00;224.82;700.0;115.2;5;115.21;4
2017-01-03 14:50:12.426000-05:00;224.81;156.0;115.17999999999999;17;115.19428571428571;27
2017-01-03 14:50:19.945000-05:00;224.8;2885.0;115.17;3;115.18;15
2017-01-03 14:50:20.190000-05:00;224.78;300.0;115.13;42;115.15;36
2017-01-03 14:50:27.475000-05:00;224.76;200.0;115.16;5;115.18;5
2017-01-03 14:50:28.155000-05:00;224.76;304.0;115.18;1;115.19;2
2017-01-03 14:50:39.225000-05:00;224.8;612.0;115.24;5;115.25;6
2017-01-03 14:50:46.005000-05:00;224.76;3200.0;115.22999999999999;40;115.24777777777778;62
2017-01-03 14:50:47.505000-05:00;224.76;100.0;115.24;8;115.25;22
2017-01-03 14:50:47.844000-05:00;224.76;629.0;115.23615384615384;58;115.25;85
2017-01-03 14:50:51.975000-05:00;224.77;700.0;115.24;6;115.25;21
2017-01-03 14:51:00.505000-05:00;224.76;210.0;115.21;13;115.22;28
2017-01-03 14:51:05.617000-05:00;224.78;454.0;115.24;2;115.25;10
2017-01-03 14:51:07.605000-05:00;224.8;50.0;115.25;12;115.26;9
2017-01-03 14:51:08.034000-05:00;224.81000000000003;387.0;115.27;7;115.28;6
2017-01-03 14:51:08.044000-05:00;224.81;413.0;115.27;5;115.28;6
2017-01-03 14:51:09.206000-05:00;224.8;100.0;115.27;6;115.28000000000002;9
2017-01-03 14:51:09.235000-05:00;224.8;200.0;115.25764705882354;82;115.27117647058823;64
2017-01-03 14:51:10.743000-05:00;224.78;100.0;115.24;11;115.25;8
2017-01-03 14:51:13.863000-05:00;224.77;200.0;115.22;8;115.23;14
2017-01-03 14:51:16.955000-05:00;224.78;600.0;115.26428571428572;30;115.27714285714286;27
2017-01-03 14:51:26.294000-05:00;224.76;500.0;115.275;57;115.29;31
2017-01-03 14:51:27.624000-05:00;224.71;100.0;115.25;4;115.27;6
2017-01-03 14:51:28.033000-05:00;224.72;200.0;115.25;10;115.27;11
2017-01-03 14:51:28.444000-05:00;224.73;300.0;115.27;6;115.28000000000002;5
2017-01-03 14:51:29.903000-05:00;224.75;907.0;115.29;4;115.31;5
2017-01-03 14:51:29.923000-05:00;224.75;200.0;115.29;10;115.3;5
2017-01-03 14:51:30.973000-05:00;224.75;500.0;115.29;3;115.3;4
2017-01-03 14:51:32.095000-05:00;224.76;1.0;115.32;29;115.33999999999999;20
2017-01-03 14:51:36.403000-05:00;224.77;184.0;115.34;6;115.35;7
2017-01-03 14:51:43.643000-05:00;224.77;2403.0;115.32;5;115.33;1
2017-01-03 14:51:47.643000-05:00;224.76;45.0;115.31;12;115.32333333333332;8
2017-01-03 14:51:49.743000-05:00;224.77;320.0;115.32;15;115.34;12
2017-01-03 14:51:50.209000-05:00;224.775;100.0;115.33;6;115.34;3
2017-01-03 14:51:54.076000-05:00;224.78;459.0;115.34;16;115.36;17
2017-01-03 14:52:01.072000-05:00;224.77;100.0;115.32;72;115.33500000000001;20
2017-01-03 14:52:03.323000-05:00;224.79;500.0;115.33625;54;115.35;24
2017-01-03 14:52:14.673000-05:00;224.8;1000.0;115.35;38;115.36;28
2017-01-03 14:52:16.949000-05:00;224.81;23.0;115.33999999999999;40;115.35166666666667;25
2017-01-03 14:52:17.182000-05:00;224.80000000000004;200.0;115.34;10;115.35;11
2017-01-03 14:52:17.192000-05:00;224.8;1.0;115.33777777777777;64;115.34999999999998;175
2017-01-03 14:52:23.203000-05:00;224.81;200.0;115.36;5;115.37;14
2017-01-03 14:52:28.259000-05:00;224.815;20.0;115.34999999999998;6;115.36;16
2017-01-03 14:52:29.668000-05:00;224.81;200.0;115.35;8;115.36;11
2017-01-03 14:52:37.991000-05:00;224.81;100.0;115.32;18;115.33;16
2017-01-03 14:52:42.491000-05:00;224.82;100.0;115.34272727272727;50;115.35909090909091;37
2017-01-03 14:52:48.281000-05:00;224.81;500.0;115.36;8;115.38;5
2017-01-03 14:52:51.238000-05:00;224.82;100.0;115.37;17;115.38;5
2017-01-03 14:52:55.428000-05:00;224.84;100.0;115.38;3;115.39;4
2017-01-03 14:52:59.261000-05:00;224.83;200.0;115.33;12;115.35;11
2017-01-03 14:53:00.141000-05:00;224.825;100.0;115.33;27;115.34200000000001;13
2017-01-03 14:53:00.152000-05:00;224.83;2043.0;115.35;13;115.36;18
2017-01-03 14:53:02.541000-05:00;224.81;727.0;115.34;6;115.36;4
2017-01-03 14:53:15.050000-05:00;224.86;834.0;115.34;16;115.36;28
2017-01-03 14:53:22.170000-05:00;224.86999999999998;3700.0;115.34;73;115.35125;21
2017-01-03 14:53:22.581000-05:00;224.87;100.0;115.35;6;115.36;9
2017-01-03 14:53:23.080000-05:00;224.88;400.0;115.34999999999998;10;115.36;10
2017-01-03 14:53:24.620000-05:00;224.88;400.0;115.35999999999999;9;115.37;16
2017-01-03 14:53:37.420000-05:00;224.83;1401.0;115.343125;74;115.36;134
2017-01-03 14:53:37.786000-05:00;224.83;1200.0;115.35;2;115.36;7
2017-01-03 14:53:40.760000-05:00;224.82;300.0;115.33999999999999;34;115.36;28
2017-01-03 14:53:43.649000-05:00;224.81000000000003;200.0;115.34;18;115.35;21
2017-01-03 14:53:57.800000-05:00;224.80866666666668;3617.0;115.27;70;115.29;42
2017-01-03 14:54:03.355000-05:00;224.81;860.0;115.27;5;115.28;4
2017-01-03 14:54:05.829000-05:00;224.84;493.0;115.32;12;115.33;18
2017-01-03 14:54:08.358000-05:00;224.83;18.0;115.3;9;115.31;8
2017-01-03 14:54:12.779000-05:00;224.84909090909093;4600.0;115.27882352941177;67;115.29411764705883;63
2017-01-03 14:54:12.799000-05:00;224.85;800.0;115.28;38;115.3;33
2017-01-03 14:54:22.898000-05:00;224.8;200.0;115.25;8;115.26;9
2017-01-03 14:54:24.619000-05:00;224.82;1.0;115.27;4;115.29;7
2017-01-03 14:54:30.039000-05:00;224.82;101.0;115.25;81;115.26466666666667;97
2017-01-03 14:54:37.349000-05:00;224.86;200.0;115.24;4;115.255;6
2017-01-03 14:54:40.659000-05:00;224.87;996.0;115.24;2;115.25;7
2017-01-03 14:54:41.598000-05:00;224.87;340.0;115.24;20;115.25;4
2017-01-03 14:54:46.908000-05:00;224.88;201.0;115.25;14;115.26;12
2017-01-03 14:54:59.948000-05:00;224.86;399.0;115.27000000000001;18;115.28;10
2017-01-03 14:55:05.507000-05:00;224.86833333333334;500.0;115.27;4;115.28;13
2017-01-03 14:55:09.090000-05:00;224.85;1249.0;115.26400000000001;56;115.28;85
2017-01-03 14:55:09.728000-05:00;224.84;1.0;115.26;35;115.28;31
2017-01-03 14:55:13.408000-05:00;224.8;1.0;115.25;20;115.26000000000002;27
2017-01-03 14:55:15.607000-05:00;224.79;2612.0;115.25;1;115.26;6
2017-01-03 14:55:15.694000-05:00;224.79;400.0;115.25;2;115.26;6
2017-01-03 14:55:23.067000-05:00;224.81;200.0;115.25;6;115.26;6
2017-01-03 14:55:27.217000-05:00;224.82000000000002;260.0;115.26000000000002;28;115.27000000000001;7
2017-01-03 14:55:29.526000-05:00;224.825;200.0;115.26;17;115.27;4
2017-01-03 14:55:36.787000-05:00;224.82;300.0;115.26;7;115.27;4
2017-01-03 14:55:43.258000-05:00;224.81;801.0;115.26;43;115.28000000000002;28
2017-01-03 14:55:48.186000-05:00;224.82;200.0;115.28;12;115.29;8
2017-01-03 14:55:49.396000-05:00;224.829375;3800.0;115.29;48;115.31;23
2017-01-03 14:55:57.176000-05:00;224.84;1.0;115.33800000000001;38;115.35;65
2017-01-03 14:56:00.157000-05:00;224.84;1.0;115.33;9;115.34;5
2017-01-03 14:56:02.617000-05:00;224.83;100.0;115.31;12;115.32;31
2017-01-03 14:56:07.268000-05:00;224.82;800.0;115.33;21;115.33999999999999;18
2017-01-03 14:56:16.387000-05:00;224.86;334.0;115.34499999999998;21;115.36;37
2017-01-03 14:56:21.446000-05:00;224.88;100.0;115.35;5;115.37;18
2017-01-03 14:56:31.346000-05:00;224.891;1500.0;115.34;20;115.35;18
2017-01-03 14:56:37.976000-05:00;224.91;100.0;115.35428571428572;67;115.36785714285715;46
2017-01-03 14:56:39.075000-05:00;224.9;100.0;115.35;8;115.36;7
2017-01-03 14:56:45.239000-05:00;224.91;99.0;115.34;6;115.35;6
2017-01-03 14:57:02.115000-05:00;224.94;100.0;115.34;9;115.35;14
2017-01-03 14:57:04.275000-05:00;224.94;100.0;115.34;15;115.35;46
2017-01-03 14:57:10.716000-05:00;224.95;706.0;115.38;5;115.39;4
2017-01-03 14:57:14.770000-05:00;224.96;1700.0;115.39;7;115.4;10
2017-01-03 14:57:17.504000-05:00;224.98;785.0;115.38;4;115.39;3
2017-01-03 14:57:19.614000-05:00;224.985;100.0;115.38;16;115.3925;14
2017-01-03 14:57:20.244000-05:00;224.97;100.0;115.37;4;115.38;7
2017-01-03 14:57:20.315000-05:00;224.98;200.0;115.37;15;115.39;26
2017-01-03 14:57:23.356000-05:00;224.98;10.0;115.35;60;115.37;81
2017-01-03 14:57:26.597000-05:00;224.93999999999997;400.0;115.36;1;115.37;4
2017-01-03 14:57:26.604000-05:00;224.93833333333336;500.0;115.36;6;115.37;9
2017-01-03 14:57:26.625000-05:00;224.94;200.0;115.36;4;115.37;2
2017-01-03 14:57:27.974000-05:00;224.95;297.0;115.37;11;115.38;16
2017-01-03 14:57:43.496000-05:00;224.96;16.0;115.39000000000001;44;115.41;142
2017-01-03 14:57:44.464000-05:00;224.97;1800.0;115.38;4;115.4;4
2017-01-03 14:57:44.484000-05:00;224.97;500.0;115.38;4;115.4;3
2017-01-03 14:57:45.284000-05:00;224.96;1000.0;115.37869565217392;60;115.39260869565219;118
2017-01-03 14:57:52.924000-05:00;224.93;598.0;115.35;51;115.364;36
2017-01-03 14:57:53.964000-05:00;224.92;4201.0;115.37;2;115.38;9
2017-01-03 14:58:02.593000-05:00;224.91;100.0;115.36800000000001;195;115.38;93
2017-01-03 14:58:12.465000-05:00;224.915;400.0;115.39;106;115.41;49
2017-01-03 14:58:17.983000-05:00;224.93833333333336;802.0;115.42;8;115.44;7
2017-01-03 14:58:21.153000-05:00;224.94;100.0;115.39;19;115.41000000000001;17
2017-01-03 14:58:25.093000-05:00;224.94388888888886;2379.0;115.396;117;115.41;91
2017-01-03 14:58:25.112000-05:00;224.94;100.0;115.40000000000002;32;115.41000000000001;21
2017-01-03 14:58:25.492000-05:00;224.96;600.0;115.4;7;115.41;2
2017-01-03 14:58:25.673000-05:00;224.96916666666667;1188.0;115.39;5;115.41;12
2017-01-03 14:58:39.343000-05:00;224.95;600.0;115.42;18;115.43;10
2017-01-03 14:58:41.503000-05:00;224.94;100.0;115.40846153846154;410;115.4246153846154;615
2017-01-03 14:58:41.542000-05:00;224.94;201.0;115.41;7;115.42;12
2017-01-03 14:58:53.292000-05:00;224.93;200.0;115.46;12;115.47;15
2017-01-03 14:58:55.412000-05:00;224.94;100.0;115.48;8;115.49;5
2017-01-03 14:59:03.980000-05:00;224.96;100.0;115.49;7;115.5;34
2017-01-03 14:59:08.962000-05:00;224.94642857142858;5017.0;115.524;23;115.53800000000001;25
2017-01-03 14:59:27.681000-05:00;224.95;200.0;115.57;1;115.58;4
2017-01-03 14:59:28.501000-05:00;224.93999999999997;600.0;115.56;23;115.57166666666666;22
2017-01-03 14:59:28.686000-05:00;224.94;200.0;115.56;4;115.58;4
2017-01-03 14:59:29.695000-05:00;224.95;88.0;115.56;6;115.58;4
2017-01-03 14:59:38.085000-05:00;224.96;900.0;115.59888888888888;26;115.61333333333333;18
2017-01-03 14:59:41.047000-05:00;224.97;232.0;115.61;6;115.63;6
2017-01-03 14:59:48.191000-05:00;224.98;300.0;115.67000000000002;13;115.6809090909091;31
2017-01-03 14:59:48.711000-05:00;224.98;200.0;115.67;4;115.69;1
2017-01-03 14:59:49.760000-05:00;224.97;100.0;115.67;4;115.69;3
2017-01-03 14:59:53.940000-05:00;224.95;100.0;115.67;5;115.69;4
2017-01-03 14:59:58.140000-05:00;224.97;300.0;115.64;14;115.66000000000001;58
2017-01-03 14:59:59.300000-05:00;224.99;200.0;115.655;70;115.67555555555555;32
2017-01-03 15:00:00.082000-05:00;224.99666666666667;1000.0;115.64;7;115.65;2
2017-01-03 15:00:07.710000-05:00;224.99;816.0;115.60583333333334;25;115.63;75
2017-01-03 15:00:09.839000-05:00;224.98;1.0;115.58;1;115.61;14
2017-01-03 15:00:11.819000-05:00;224.94999999999996;637.0;115.545;6;115.57;10
2017-01-03 15:00:13.250000-05:00;224.95;23.0;115.56;2;115.57;2
2017-01-03 15:00:28.999000-05:00;224.95;100.0;115.58;12;115.59999999999998;6
2017-01-03 15:00:34.579000-05:00;224.92833333333334;6639.0;115.55;11;115.57;6
2017-01-03 15:00:40.809000-05:00;224.96;200.0;115.57;6;115.58;3
2017-01-03 15:00:43.968000-05:00;224.97;101.0;115.585;15;115.59999999999998;18
2017-01-03 15:00:45.528000-05:00;224.97;100.0;115.59;4;115.61;4
2017-01-03 15:00:46.858000-05:00;224.98;116.0;115.618125;67;115.635;34
2017-01-03 15:00:47.919000-05:00;224.97;100.0;115.57;30;115.59166666666665;28
2017-01-03 15:00:50.178000-05:00;224.96;2600.0;115.58;5;115.59;8
2017-01-03 15:01:06.308000-05:00;224.96;569.0;115.64;64;115.65;10
2017-01-03 15:01:07.678000-05:00;224.98;688.0;115.65;12;115.66;3
2017-01-03 15:01:15.088000-05:00;224.98;63.0;115.64;13;115.66;17
2017-01-03 15:01:16.408000-05:00;224.99;280.0;115.65;32;115.66181818181818;27
2017-01-03 15:01:29.329000-05:00;225.01954545454547;6555.0;115.62;25;115.63;23
2017-01-03 15:01:29.337000-05:00;225.02;1444.0;115.62;9;115.63;6
2017-01-03 15:01:29.347000-05:00;225.02;580.0;115.62;2;115.63;1
2017-01-03 15:01:29.977000-05:00;225.01;115.0;115.61;17;115.63;10
2017-01-03 15:01:31.757000-05:00;225.03;1300.0;115.62;22;115.63;9
2017-01-03 15:01:38.887000-05:00;225.02;200.0;115.59499999999998;116;115.61125;121
2017-01-03 15:01:43.066000-05:00;225.02;400.0;115.6;15;115.61;7
2017-01-03 15:01:43.907000-05:00;225.03;100.0;115.61;7;115.62;2
2017-01-03 15:01:44.927000-05:00;225.03;200.0;115.61;2;115.62;2
2017-01-03 15:01:46.997000-05:00;225.03;300.0;115.63;18;115.64;3
2017-01-03 15:01:55.298000-05:00;225.01;100.0;115.61571428571429;30;115.63;144
2017-01-03 15:01:56.216000-05:00;225.02;100.0;115.61;5;115.63;6
2017-01-03 15:01:56.677000-05:00;225.02;600.0;115.60222222222222;23;115.61999999999999;52
2017-01-03 15:01:58.888000-05:00;225.03000000000003;339.0;115.61;2;115.62;1
2017-01-03 15:01:59.949000-05:00;225.05000000000004;4277.0;115.59999999999998;9;115.61;10
2017-01-03 15:02:00.806000-05:00;225.05;1652.0;115.6;33;115.61;29
2017-01-03 15:02:03.410000-05:00;225.06;400.0;115.5829411764706;59;115.59647058823529;183
2017-01-03 15:02:03.412000-05:00;225.06;100.0;115.5840909090909;154;115.5968181818182;163
2017-01-03 15:02:03.419000-05:00;225.06;120.0;115.59;7;115.6;20
2017-01-03 15:02:05.896000-05:00;225.07;100.0;115.57;5;115.59;5
2017-01-03 15:02:10.641000-05:00;225.07;200.0;115.56;4;115.58;4
2017-01-03 15:02:20.675000-05:00;225.09;500.0;115.57;9;115.58999999999999;18
2017-01-03 15:02:34.496000-05:00;225.1;201.0;115.55;45;115.56714285714285;87
2017-01-03 15:02:34.546000-05:00;225.10125;1700.0;115.53500000000001;86;115.54944444444443;117
2017-01-03 15:02:39.681000-05:00;225.12;200.0;115.53;4;115.55;6
2017-01-03 15:02:40.681000-05:00;225.14;1537.0;115.54;6;115.56;6
2017-01-03 15:02:47.185000-05:00;225.11;197.0;115.54;4;115.55;3
2017-01-03 15:02:47.435000-05:00;225.1;1.0;115.54;19;115.55;14
2017-01-03 15:03:00.577000-05:00;225.14000000000001;542.0;115.54000000000002;102;115.55444444444444;42
2017-01-03 15:03:02.504000-05:00;225.14;494.0;115.54;12;115.56;5
2017-01-03 15:03:06.276000-05:00;225.14;300.0;115.52473684210526;181;115.5463157894737;309
2017-01-03 15:03:06.395000-05:00;225.13;900.0;115.5;12;115.52;28
2017-01-03 15:03:06.724000-05:00;225.12;100.0;115.5;2;115.51;6
2017-01-03 15:03:09.984000-05:00;225.10999999999999;1900.0;115.52777777777777;38;115.54000000000002;33
2017-01-03 15:03:09.994000-05:00;225.11;100.0;115.53;3;115.54;8
2017-01-03 15:03:18.674000-05:00;225.10285714285715;4107.0;115.53000000000002;11;115.54;14
2017-01-03 15:03:18.736000-05:00;225.1;400.0;115.53;6;115.54;9
2017-01-03 15:03:22.773000-05:00;225.08;200.0;115.54;6;115.55;16
2017-01-03 15:03:26.064000-05:00;225.08;300.0;115.55;15;115.57;83
2017-01-03 15:03:31.452000-05:00;225.08;300.0;115.55;4;115.56;1
2017-01-03 15:03:42.434000-05:00;225.1;200.0;115.56;11;115.57;15
2017-01-03 15:03:45.433000-05:00;225.08;200.0;115.5475;11;115.56;34
2017-01-03 15:03:50.292000-05:00;225.09;100.0;115.56;3;115.57;17
2017-01-03 15:03:51.473000-05:00;225.09;100.0;115.56;8;115.57;15
2017-01-03 15:03:53.063000-05:00;225.08;40.0;115.55;2;115.56;5
2017-01-03 15:03:55.763000-05:00;225.1;100.0;115.56;18;115.57;56
2017-01-03 15:03:56.696000-05:00;225.08;1000.0;115.54;30;115.55375;67
2017-01-03 15:04:04.683000-05:00;225.14;201.0;115.52;14;115.54;9
2017-01-03 15:04:18.664000-05:00;225.13000000000002;601.0;115.56;18;115.57333333333332;12
2017-01-03 15:04:18.783000-05:00;225.13;1300.0;115.57;7;115.58;12
2017-01-03 15:04:27.302000-05:00;225.11;33.0;115.55999999999999;40;115.56999999999998;25
2017-01-03 15:04:28.003000-05:00;225.1;100.0;115.55;4;115.57;10
2017-01-03 15:04:33.442000-05:00;225.07800000000003;800.0;115.52999999999999;52;115.54636363636364;220
2017-01-03 15:04:33.622000-05:00;225.08;100.0;115.53;2;115.54;8
2017-01-03 15:04:35.762000-05:00;225.08;300.0;115.52;11;115.54;56
2017-01-03 15:04:35.783000-05:00;225.08;1112.0;115.52;5;115.53;11
2017-01-03 15:04:35.812000-05:00;225.07;2200.0;115.52;7;115.53;22
2017-01-03 15:04:40.681000-05:00;225.06000000000003;700.0;115.51;5;115.52;5
2017-01-03 15:04:52.671000-05:00;225.12875;1012.0;115.56;1;115.57;5
2017-01-03 15:04:53.782000-05:00;225.15;100.0;115.57636363636362;51;115.59;38
2017-01-03 15:05:01.171000-05:00;225.15;750.0;115.56333333333333;35;115.58;22
2017-01-03 15:05:01.822000-05:00;225.14;600.0;115.57;9;115.58;3
2017-01-03 15:05:01.840000-05:00;225.13999999999996;551.0;115.57;12;115.58;4
2017-01-03 15:05:01.881000-05:00;225.14;200.0;115.57;1;115.58;5
2017-01-03 15:05:02.051000-05:00;225.13;100.0;115.57;1;115.58;5
2017-01-03 15:05:02.163000-05:00;225.125;100.0;115.57000000000001;7;115.58;67
2017-01-03 15:05:04.146000-05:00;225.09875;515.0;115.40375;23;115.45;8
2017-01-03 15:05:10.831000-05:00;225.12;300.0;115.4175;30;115.43166666666667;27
2017-01-03 15:05:11.921000-05:00;225.115;100.0;115.45;24;115.46333333333332;17
2017-01-03 15:05:22.241000-05:00;225.13;700.0;115.51;8;115.53000000000002;18
2017-01-03 15:05:23.020000-05:00;225.13;1117.0;115.51;2;115.52;2
2017-01-03 15:05:30.100000-05:00;225.13;712.0;115.51;1;115.52;9
2017-01-03 15:05:33.300000-05:00;225.14;300.0;115.51;5;115.53;16
2017-01-03 15:05:41.599000-05:00;225.135;282.0;115.5;3;115.51;4
2017-01-03 15:05:46.040000-05:00;225.14;3359.0;115.51000000000002;10;115.52000000000001;25
2017-01-03 15:05:46.740000-05:00;225.14;413.0;115.51;10;115.52;13
2017-01-03 15:05:47.220000-05:00;225.14;100.0;115.50333333333333;10;115.52;18
2017-01-03 15:05:51.729000-05:00;225.13;300.0;115.505;12;115.52;40
2017-01-03 15:05:55.621000-05:00;225.13714285714286;700.0;115.5;36;115.51166666666667;21
2017-01-03 15:05:55.711000-05:00;225.14124999999999;3622.0;115.51;7;115.52;14
2017-01-03 15:05:57.669000-05:00;225.19;601.0;115.51;8;115.52;6
2017-01-03 15:05:59.349000-05:00;225.24;512.0;115.52000000000001;38;115.53;56
2017-01-03 15:06:01.490000-05:00;225.24;500.0;115.5;13;115.51;15
2017-01-03 15:06:02.529000-05:00;225.25;100.0;115.51;8;115.53;3
2017-01-03 15:06:02.589000-05:00;225.255;300.0;115.51;9;115.53;3
2017-01-03 15:06:06.678000-05:00;225.26;200.0;115.52;6;115.53;5
2017-01-03 15:06:07.678000-05:00;225.26;300.0;115.52111111111111;93;115.54000000000002;31
2017-01-03 15:06:08.670000-05:00;225.265;300.0;115.51;15;115.53000000000002;14
2017-01-03 15:06:09.389000-05:00;225.26;400.0;115.51666666666667;17;115.53000000000002;20
2017-01-03 15:06:09.399000-05:00;225.26;1300.0;115.51;10;115.53;3
2017-01-03 15:06:10.823000-05:00;225.27;800.0;115.53;6;115.55;28
2017-01-03 15:06:11.491000-05:00;225.28699999999998;1184.0;115.55;7;115.56000000000002;27
2017-01-03 15:06:12.129000-05:00;225.31;100.0;115.56;11;115.58;14
2017-01-03 15:06:12.869000-05:00;225.31;200.0;115.57;23;115.58;19
2017-01-03 15:06:14.069000-05:00;225.31;801.0;115.57;35;115.58999999999999;30
2017-01-03 15:06:14.268000-05:00;225.30000000000004;416.0;115.56999999999998;20;115.582;9
2017-01-03 15:06:14.500000-05:00;225.29;401.0;115.57;1;115.58;5
2017-01-03 15:06:17.496000-05:00;225.28;500.0;115.57;6;115.58;7
2017-01-03 15:06:20.751000-05:00;225.29;500.0;115.58;62;115.59307692307692;158
2017-01-03 15:06:23.512000-05:00;225.339;2965.0;115.60333333333334;30;115.62;36
2017-01-03 15:06:23.999000-05:00;225.34;100.0;115.6029268292683;75;115.61585365853658;322
2017-01-03 15:06:24.409000-05:00;225.33666666666667;700.0;115.60666666666667;16;115.62;31
2017-01-03 15:06:24.760000-05:00;225.35;2200.0;115.61;12;115.62333333333333;10
2017-01-03 15:06:27.069000-05:00;225.35;131.0;115.61;8;115.63;5
2017-01-03 15:06:29.899000-05:00;225.34;722.0;115.62;14;115.63;17
2017-01-03 15:06:31.609000-05:00;225.3375;483.0;115.62;17;115.63;11
2017-01-03 15:06:32.489000-05:00;225.36;1.0;115.63;75;115.65;46
2017-01-03 15:06:32.505000-05:00;225.36000000000004;2627.0;115.64;21;115.65000000000002;24
2017-01-03 15:06:32.668000-05:00;225.37666666666667;900.0;115.64;4;115.65;1
2017-01-03 15:06:34.120000-05:00;225.3875;128.0;115.66;30;115.68;36
2017-01-03 15:06:36.793000-05:00;225.39499999999998;760.0;115.66;10;115.67;49
2017-01-03 15:06:39.778000-05:00;225.33;300.0;115.63;2;115.64;8
2017-01-03 15:06:39.788000-05:00;225.33;100.0;115.63;3;115.64;8
2017-01-03 15:06:40.019000-05:00;225.33;566.0;115.63;24;115.64000000000001;10
2017-01-03 15:06:41.227000-05:00;225.33666666666667;1500.0;115.63;11;115.64;4
2017-01-03 15:06:41.268000-05:00;225.34;61.0;115.63;25;115.64200000000001;13
2017-01-03 15:06:41.418000-05:00;225.33;147.0;115.63;1;115.64;5
2017-01-03 15:06:49.668000-05:00;225.34666666666666;494.0;115.65000000000002;15;115.66000000000001;9
2017-01-03 15:06:51.278000-05:00;225.33;35.0;115.63;4;115.64;4
2017-01-03 15:06:57.428000-05:00;225.31;503.0;115.62863636363636;72;115.64;194
2017-01-03 15:06:57.488000-05:00;225.3;1371.0;115.61;3;115.62;5
2017-01-03 15:06:58.877000-05:00;225.30000000000004;900.0;115.61;11;115.62;4
2017-01-03 15:07:00.047000-05:00;225.29;1.0;115.6;8;115.62;13
2017-01-03 15:07:02.919000-05:00;225.31;200.0;115.65;3;115.66;8
2017-01-03 15:07:11.867000-05:00;225.36;100.0;115.66;8;115.67;3
2017-01-03 15:07:12.817000-05:00;225.36;202.0;115.68;2;115.69;7
2017-01-03 15:07:14.866000-05:00;225.36;400.0;115.67;6;115.69;7
2017-01-03 15:07:17.728000-05:00;225.37;2350.0;115.71947368421053;98;115.73263157894738;108
2017-01-03 15:07:18.676000-05:00;225.37000000000003;3139.0;115.70791666666666;60;115.72166666666668;114
2017-01-03 15:07:26.897000-05:00;225.33;259.0;115.61428571428571;23;115.63;33
2017-01-03 15:07:30.399000-05:00;225.33;100.0;115.61;15;115.63;6
2017-01-03 15:07:32.817000-05:00;225.32;2508.0;115.62;2;115.63;2
2017-01-03 15:07:34.197000-05:00;225.32000000000002;474.0;115.62;4;115.64;11
2017-01-03 15:07:36.637000-05:00;225.34;600.0;115.63;36;115.64;44
2017-01-03 15:07:36.661000-05:00;225.34;100.0;115.63;2;115.64;4
2017-01-03 15:07:47.156000-05:00;225.35;100.0;115.63;5;115.64;6
2017-01-03 15:07:54.366000-05:00;225.36000000000004;500.0;115.64;35;115.65500000000002;29
2017-01-03 15:07:55.446000-05:00;225.37;1386.0;115.64000000000001;39;115.652;26
2017-01-03 15:08:01.656000-05:00;225.375;100.0;115.63;21;115.646;32
2017-01-03 15:08:01.675000-05:00;225.37000000000003;500.0;115.63;17;115.64200000000001;16
2017-01-03 15:08:03.418000-05:00;225.37;500.0;115.61999999999999;51;115.6326923076923;287
2017-01-03 15:08:19.398000-05:00;225.37;100.0;115.65;147;115.662;110
2017-01-03 15:08:21.655000-05:00;225.38;400.0;115.65;6;115.66;7
2017-01-03 15:08:23.135000-05:00;225.37;300.0;115.65;33;115.66000000000001;152
2017-01-03 15:08:25.505000-05:00;225.36;207.0;115.65;16;115.66;9
2017-01-03 15:08:25.974000-05:00;225.36833333333334;4390.0;115.65;70;115.66;32
2017-01-03 15:08:29.305000-05:00;225.36;200.0;115.65;8;115.66;5
2017-01-03 15:08:35.468000-05:00;225.36631578947367;4876.0;115.65000000000002;44;115.67;14
2017-01-03 15:08:35.715000-05:00;225.39;1841.0;115.66000000000001;6;115.67;18
2017-01-03 15:08:53.374000-05:00;225.38;200.0;115.65818181818182;138;115.67000000000002;123
2017-01-03 15:08:53.524000-05:00;225.38;1519.0;115.64772727272727;123;115.66;157
2017-01-03 15:09:05.149000-05:00;225.345;100.0;115.62;3;115.63;21
2017-01-03 15:09:05.294000-05:00;225.35;200.0;115.62;6;115.63333333333333;12
2017-01-03 15:09:07.503000-05:00;225.38;1419.0;115.64000000000001;17;115.652;14
2017-01-03 15:09:08.695000-05:00;225.43;300.0;115.63;3;115.64;3
2017-01-03 15:09:12.673000-05:00;225.42;900.0;115.62;24;115.6325;12
2017-01-03 15:09:15.333000-05:00;225.44;200.0;115.63933333333333;40;115.65266666666666;86
2017-01-03 15:09:15.663000-05:00;225.45;807.0;115.64750000000001;8;115.66;14
2017-01-03 15:09:15.715000-05:00;225.47;900.0;115.65;3;115.66;7
2017-01-03 15:09:16.713000-05:00;225.45;400.0;115.64;16;115.65000000000002;5
2017-01-03 15:09:16.723000-05:00;225.44999999999996;500.0;115.64;11;115.65;2
2017-01-03 15:09:19.223000-05:00;225.46;3898.0;115.652;25;115.67;24
2017-01-03 15:09:24.566000-05:00;225.56000000000003;1566.0;115.7;9;115.71;8
2017-01-03 15:09:24.763000-05:00;225.56;200.0;115.7;8;115.71;16
2017-01-03 15:09:25.302000-05:00;225.57;5800.0;115.7;53;115.71;21
2017-01-03 15:09:27.104000-05:00;225.58;200.0;115.71;40;115.72500000000001;33
2017-01-03 15:09:27.163000-05:00;225.58;200.0;115.71999999999998;11;115.73;20
2017-01-03 15:09:27.783000-05:00;225.6;300.0;115.73;3;115.74;5
2017-01-03 15:09:31.813000-05:00;225.59;300.0;115.74;4;115.75;3
2017-01-03 15:09:32.245000-05:00;225.58933333333334;2400.0;115.75;3;115.76;6
2017-01-03 15:09:37.222000-05:00;225.62;218.0;115.74;16;115.75;14
2017-01-03 15:09:38.936000-05:00;225.65;1552.0;115.74142857142856;42;115.75285714285714;23
2017-01-03 15:09:38.955000-05:00;225.66;1252.0;115.74;6;115.75;1
2017-01-03 15:09:39.144000-05:00;225.68;46.0;115.74;16;115.75;10
2017-01-03 15:09:43.453000-05:00;225.69;376.0;115.74;7;115.75;2
2017-01-03 15:09:44.443000-05:00;225.7;3093.0;115.74312499999999;90;115.75625000000001;28
2017-01-03 15:09:45.404000-05:00;225.705;200.0;115.74;60;115.75833333333334;32
2017-01-03 15:09:45.603000-05:00;225.69;1200.0;115.74;57;115.75;50
2017-01-03 15:09:47.966000-05:00;225.72;992.0;115.74;9;115.76;3
2017-01-03 15:09:47.974000-05:00;225.73;1000.0;115.75;15;115.77;14
2017-01-03 15:09:47.976000-05:00;225.745;3110.0;115.75;10;115.77;7
2017-01-03 15:09:47.995000-05:00;225.76;200.0;115.77;18;115.78666666666668;19
2017-01-03 15:09:47.996000-05:00;225.76;1275.0;115.77;89;115.78176470588235;91
2017-01-03 15:09:48.075000-05:00;225.78;200.0;115.77666666666666;9;115.79;6
2017-01-03 15:09:48.134000-05:00;225.79;2377.0;115.7775;8;115.79;8
2017-01-03 15:09:48.146000-05:00;225.79500000000002;982.0;115.78;5;115.79;4
2017-01-03 15:09:48.165000-05:00;225.81;37.0;115.77;12;115.79;15
2017-01-03 15:09:48.194000-05:00;225.8;300.0;115.77;8;115.79;11
2017-01-03 15:09:48.523000-05:00;225.82000000000002;409.0;115.78560000000002;131;115.7996;143
2017-01-03 15:09:48.592000-05:00;225.825;100.0;115.79;2;115.8;5
2017-01-03 15:09:50.042000-05:00;225.82;1600.0;115.79;3;115.8;12
2017-01-03 15:09:52.262000-05:00;225.8;200.0;115.79;6;115.8;7
2017-01-03 15:09:53.652000-05:00;225.8;502.0;115.79;10;115.8;2
2017-01-03 15:09:55.662000-05:00;225.77;200.0;115.76000000000002;5;115.77000000000001;22
2017-01-03 15:09:56.305000-05:00;225.76;800.0;115.75;3;115.76;6
2017-01-03 15:09:57.294000-05:00;225.72;400.0;115.76;22;115.77;46
2017-01-03 15:09:57.342000-05:00;225.72;100.0;115.76000000000002;23;115.77000000000001;22
2017-01-03 15:09:59.813000-05:00;225.73916666666665;900.0;115.78;3;115.79;4
2017-01-03 15:10:02.072000-05:00;225.76;400.0;115.8;2;115.81;5
2017-01-03 15:10:02.604000-05:00;225.75916666666663;962.0;115.8;13;115.81000000000002;29
2017-01-03 15:10:03.552000-05:00;225.76;1200.0;115.8;1;115.81;4
2017-01-03 15:10:04.955000-05:00;225.73;4500.0;115.79;4;115.8;62
2017-01-03 15:10:04.963000-05:00;225.73;2000.0;115.79;2;115.8;33
2017-01-03 15:10:06.072000-05:00;225.71;200.0;115.79;25;115.8;13
2017-01-03 15:10:06.172000-05:00;225.70833333333334;445.0;115.79;25;115.8;25
2017-01-03 15:10:07.380000-05:00;225.72;200.0;115.8;1;115.81;3
2017-01-03 15:10:07.662000-05:00;225.70333333333332;1500.0;115.79;8;115.81;22
2017-01-03 15:10:09.692000-05:00;225.69;800.0;115.79333333333334;42;115.80833333333334;79
2017-01-03 15:10:12.182000-05:00;225.6875;200.0;115.8;3;115.81;3
2017-01-03 15:10:13.272000-05:00;225.67999999999998;900.0;115.8046875;248;115.819375;297
2017-01-03 15:10:13.285000-05:00;225.68666666666667;2423.0;115.8076923076923;92;115.81846153846153;96
2017-01-03 15:10:13.291000-05:00;225.68999999999997;701.0;115.81;16;115.82;13
2017-01-03 15:10:14.522000-05:00;225.70999999999998;1089.0;115.81;5;115.82;3
2017-01-03 15:10:15.687000-05:00;225.68999999999997;414.0;115.79;4;115.81;11
2017-01-03 15:10:16.642000-05:00;225.68;100.0;115.79;3;115.8;16
2017-01-03 15:10:19.341000-05:00;225.659375;1443.0;115.78000000000002;11;115.79;11
2017-01-03 15:10:19.772000-05:00;225.66;1.0;115.78;19;115.79;11
2017-01-03 15:10:21.922000-05:00;225.67;300.0;115.78;21;115.79;109
2017-01-03 15:10:22.102000-05:00;225.67;200.0;115.78;2;115.79;6
2017-01-03 15:10:22.911000-05:00;225.66;1261.0;115.78;3;115.79;10
2017-01-03 15:10:28.772000-05:00;225.65;200.0;115.73;11;115.74;4
2017-01-03 15:10:30.251000-05:00;225.63999999999996;1100.0;115.73;13;115.74;2
2017-01-03 15:10:31.184000-05:00;225.63000000000002;700.0;115.71999999999998;27;115.74;51
2017-01-03 15:10:31.651000-05:00;225.615;100.0;115.72;5;115.74;9
2017-01-03 15:10:33.531000-05:00;225.595;100.0;115.72;4;115.74;8
2017-01-03 15:10:36.431000-05:00;225.63;1.0;115.745;16;115.75833333333334;61
2017-01-03 15:10:37.111000-05:00;225.62;234.0;115.74;1;115.75;3
2017-01-03 15:10:39.125000-05:00;225.63;100.0;115.75;4;115.76;4
2017-01-03 15:10:50.653000-05:00;225.67;900.0;115.79;2;115.8;2
2017-01-03 15:10:51.470000-05:00;225.67;200.0;115.79;4;115.8;16
2017-01-03 15:10:55.195000-05:00;225.68;197.0;115.8;4;115.82;5
2017-01-03 15:10:55.580000-05:00;225.68;600.0;115.798;10;115.80999999999999;15
2017-01-03 15:10:56.131000-05:00;225.69;223.0;115.82;2;115.83;4
2017-01-03 15:10:56.641000-05:00;225.7;412.0;115.82;2;115.83;3
2017-01-03 15:10:57.731000-05:00;225.69899999999998;612.0;115.81210526315789;109;115.82947368421051;112
2017-01-03 15:11:00.630000-05:00;225.67;49.0;115.81;5;115.82;1
2017-01-03 15:11:02.771000-05:00;225.67;712.0;115.81;8;115.82;5
2017-01-03 15:11:03.450000-05:00;225.66;147.0;115.79;2;115.8;17
2017-01-03 15:11:05.790000-05:00;225.65949999999998;4400.0;115.78;5;115.8;7
2017-01-03 15:11:11.541000-05:00;225.64;300.0;115.77111111111111;27;115.78833333333334;149
2017-01-03 15:11:11.777000-05:00;225.635;100.0;115.77;3;115.78;2
2017-01-03 15:11:12.500000-05:00;225.63;100.0;115.77000000000001;10;115.78;20
2017-01-03 15:11:17.270000-05:00;225.61999999999998;427.0;115.75;7;115.77;6
2017-01-03 15:11:18.100000-05:00;225.62;392.0;115.75;5;115.76;1
2017-01-03 15:11:19.190000-05:00;225.62;46.0;115.77;3;115.78;3
2017-01-03 15:11:32.850000-05:00;225.6175;291.0;115.79;6;115.8;2
2017-01-03 15:11:41.929000-05:00;225.62;200.0;115.77729729729731;225;115.79216216216217;218
2017-01-03 15:11:42.989000-05:00;225.63000000000002;600.0;115.806875;57;115.8175;55
2017-01-03 15:11:42.999000-05:00;225.63;100.0;115.80999999999999;17;115.81999999999998;14
2017-01-03 15:11:45.550000-05:00;225.62;400.0;115.77;18;115.79;7
2017-01-03 15:11:46.800000-05:00;225.615;100.0;115.77;5;115.79;5
2017-01-03 15:11:48.670000-05:00;225.6430769230769;2313.0;115.78;29;115.8;31
2017-01-03 15:11:49.909000-05:00;225.66;379.0;115.8;10;115.82;7
2017-01-03 15:12:02.729000-05:00;225.65166666666667;4525.0;115.78;16;115.79;12
2017-01-03 15:12:13.294000-05:00;225.65;4000.0;115.79;92;115.80714285714285;33
2017-01-03 15:12:13.720000-05:00;225.66;1.0;115.80999999999999;24;115.83;28
2017-01-03 15:12:13.721000-05:00;225.66;1000.0;115.81;6;115.83;5
2017-01-03 15:12:21.572000-05:00;225.65;100.0;115.8;5;115.81;2
2017-01-03 15:12:32.472000-05:00;225.67;200.0;115.76;5;115.77;18
2017-01-03 15:12:39.247000-05:00;225.67;107.0;115.76;7;115.78;6
2017-01-03 15:12:51.126000-05:00;225.65833333333333;1800.0;115.7688888888889;23;115.78444444444443;50
2017-01-03 15:13:13.121000-05:00;225.66;172.0;115.75;35;115.76000000000002;17
2017-01-03 15:13:20.481000-05:00;225.62;200.0;115.72;29;115.73999999999998;62
2017-01-03 15:13:24.101000-05:00;225.62;100.0;115.73;6;115.74;2
2017-01-03 15:13:34.550000-05:00;225.6;788.0;115.68;5;115.69;8
2017-01-03 15:13:34.630000-05:00;225.6;200.0;115.68000000000002;26;115.69000000000001;19
2017-01-03 15:13:34.707000-05:00;225.6;100.0;115.68;5;115.7;4
2017-01-03 15:13:34.771000-05:00;225.6;100.0;115.68;11;115.7;8
2017-01-03 15:13:35.410000-05:00;225.6;100.0;115.68;5;115.7;4
2017-01-03 15:13:48.074000-05:00;225.58;1700.0;115.71;2;115.72;22
2017-01-03 15:13:50.121000-05:00;225.54;600.0;115.7;2;115.71;12
2017-01-03 15:13:50.130000-05:00;225.53;359.0;115.7;1;115.71;7
2017-01-03 15:13:52.169000-05:00;225.55;300.0;115.7;9;115.71;6
2017-01-03 15:13:56.421000-05:00;225.55;102.0;115.71916666666665;43;115.73;47
2017-01-03 15:14:04.199000-05:00;225.59;500.0;115.73;9;115.74;5
2017-01-03 15:14:15.567000-05:00;225.59;200.0;115.71;4;115.72;11
2017-01-03 15:14:16.629000-05:00;225.57;286.0;115.68000000000002;42;115.7;32
2017-01-03 15:14:23.519000-05:00;225.57;600.0;115.69;18;115.7;20
2017-01-03 15:14:25.140000-05:00;225.575;300.0;115.69;69;115.705;89
2017-01-03 15:14:25.141000-05:00;225.58;200.0;115.7;82;115.71;186
2017-01-03 15:14:25.161000-05:00;225.58;300.0;115.7;5;115.71;3
2017-01-03 15:14:38.951000-05:00;225.57;308.0;115.69;5;115.7;6
2017-01-03 15:14:44.778000-05:00;225.57;800.0;115.69;6;115.7;11
2017-01-03 15:14:51.430000-05:00;225.56875;500.0;115.68;3;115.69;5
2017-01-03 15:15:00.458000-05:00;225.57000000000002;3922.0;115.67542857142858;268;115.68914285714285;434
2017-01-03 15:15:14.761000-05:00;225.58;700.0;115.67;39;115.67999999999999;22
2017-01-03 15:15:28.277000-05:00;225.57;100.0;115.6;20;115.61;36
2017-01-03 15:15:39.598000-05:00;225.5675;668.0;115.49;31;115.5;91
2017-01-03 15:15:40.057000-05:00;225.56;200.0;115.49;5;115.5;2
2017-01-03 15:15:40.466000-05:00;225.55;612.0;115.46777777777778;26;115.47999999999999;23
2017-01-03 15:15:46.509000-05:00;225.56000000000003;713.0;115.53;21;115.54;11
2017-01-03 15:15:48.244000-05:00;225.54;700.0;115.5307142857143;63;115.54714285714286;99
2017-01-03 15:15:48.506000-05:00;225.55000000000004;700.0;115.54;6;115.55;18
2017-01-03 15:15:54.655000-05:00;225.55;100.0;115.54;5;115.56;5
2017-01-03 15:15:54.665000-05:00;225.55;100.0;115.54666666666667;19;115.56;22
2017-01-03 15:16:04.676000-05:00;225.54;364.0;115.53;2;115.55;12
2017-01-03 15:16:08.536000-05:00;225.53;900.0;115.54;1;115.55;13
2017-01-03 15:16:12.406000-05:00;225.51;200.0;115.5;36;115.52;30
2017-01-03 15:16:17.816000-05:00;225.51;300.0;115.51000000000002;15;115.52000000000001;9
2017-01-03 15:16:21.066000-05:00;225.51;394.0;115.51;4;115.52;9
2017-01-03 15:16:26.355000-05:00;225.515;100.0;115.51;13;115.52;6
2017-01-03 15:16:32.814000-05:00;225.51;3915.0;115.53000000000002;15;115.54333333333334;12
2017-01-03 15:16:32.815000-05:00;225.51;200.0;115.53;36;115.5457142857143;43
2017-01-03 15:16:43.964000-05:00;225.49;100.0;115.51000000000002;21;115.52000000000001;16
2017-01-03 15:17:03.705000-05:00;225.5;229.0;115.57;32;115.58999999999999;100
2017-01-03 15:17:06.839000-05:00;225.5;1.0;115.58;1;115.59;12
2017-01-03 15:17:15.174000-05:00;225.5;264.0;115.57;4;115.59;20
2017-01-03 15:17:25.215000-05:00;225.52;100.0;115.54944444444443;202;115.56;84
2017-01-03 15:17:27.002000-05:00;225.539;1000.0;115.55;12;115.56;11
2017-01-03 15:17:33.283000-05:00;225.52;200.0;115.55;24;115.56;38
2017-01-03 15:17:33.293000-05:00;225.52;100.0;115.55;6;115.56;10
2017-01-03 15:17:35.974000-05:00;225.54;100.0;115.55;15;115.56;30
2017-01-03 15:17:38.385000-05:00;225.5375;668.0;115.55;4;115.56;23
2017-01-03 15:18:00.662000-05:00;225.58;100.0;115.58;3;115.59;10
2017-01-03 15:18:10.162000-05:00;225.62000000000003;821.0;115.62;6;115.63;2
2017-01-03 15:18:17.662000-05:00;225.59;200.0;115.61;11;115.62000000000002;211
2017-01-03 15:18:24.201000-05:00;225.56;100.0;115.58;13;115.58999999999999;32
2017-01-03 15:18:25.302000-05:00;225.56000000000003;297.0;115.58;8;115.58999999999999;17
2017-01-03 15:18:37.071000-05:00;225.54;800.0;115.54;62;115.56;68
2017-01-03 15:18:47.061000-05:00;225.54;304.0;115.54;29;115.55;13
2017-01-03 15:18:59.676000-05:00;225.57;314.0;115.57;1;115.58;5
2017-01-03 15:19:15.421000-05:00;225.55;400.0;115.52;7;115.53;6
2017-01-03 15:19:36.192000-05:00;225.54;150.0;115.53;43;115.54;13
2017-01-03 15:19:52.563000-05:00;225.5775;1800.0;115.51;5;115.53;5
2017-01-03 15:19:58.853000-05:00;225.565;100.0;115.52;20;115.54;40
2017-01-03 15:20:11.108000-05:00;225.54;196.0;115.53;55;115.54400000000001;32
2017-01-03 15:20:11.253000-05:00;225.54;213.0;115.53000000000002;27;115.54666666666667;35
2017-01-03 15:20:11.809000-05:00;225.54;2.0;115.53;67;115.54125;29
2017-01-03 15:20:11.810000-05:00;225.54;98.0;115.53;29;115.54;11
2017-01-03 15:20:19.683000-05:00;225.53;100.0;115.51;4;115.53;8
2017-01-03 15:20:24.913000-05:00;225.53;160.0;115.52;10;115.53;7
2017-01-03 15:20:33.989000-05:00;225.55;600.0;115.53000000000002;13;115.54;19
2017-01-03 15:20:47.987000-05:00;225.55;100.0;115.54;18;115.55;18
2017-01-03 15:21:06.167000-05:00;225.55000000000004;500.0;115.55999999999999;67;115.56999999999998;32
2017-01-03 15:21:46.508000-05:00;225.54;586.0;115.61;2;115.62;15
2017-01-03 15:21:55.086000-05:00;225.54;400.0;115.61;27;115.63;46
2017-01-03 15:21:55.205000-05:00;225.5425;1463.0;115.61962962962963;263;115.63;407
2017-01-03 15:22:02.516000-05:00;225.56166666666664;440.0;115.62999999999998;248;115.64681818181818;261
2017-01-03 15:22:03.408000-05:00;225.56000000000003;1129.0;115.63;6;115.64;4
2017-01-03 15:22:26.963000-05:00;225.5;100.0;115.59;3;115.6;9
2017-01-03 15:22:31.364000-05:00;225.49;200.0;115.56;6;115.58;6
2017-01-03 15:22:31.954000-05:00;225.47999999999996;780.0;115.56;9;115.57;6
2017-01-03 15:22:36.335000-05:00;225.5;600.0;115.56;9;115.57;8
2017-01-03 15:22:42.486000-05:00;225.5;900.0;115.58;5;115.59;4
2017-01-03 15:22:47.784000-05:00;225.5;100.0;115.58999999999999;15;115.59999999999998;10
2017-01-03 15:22:48.674000-05:00;225.5;3800.0;115.59;4;115.6;6
2017-01-03 15:22:59.683000-05:00;225.52;365.0;115.63;3;115.64;4
2017-01-03 15:23:02.283000-05:00;225.53;100.0;115.63;20;115.64;10
2017-01-03 15:23:02.353000-05:00;225.53;200.0;115.63;3;115.64;4
2017-01-03 15:23:03.804000-05:00;225.53;100.0;115.63;15;115.64;9
2017-01-03 15:23:05.349000-05:00;225.53;100.0;115.61;9;115.62;5
2017-01-03 15:23:12.613000-05:00;225.53;401.0;115.62410256410257;577;115.63974358974359;464
2017-01-03 15:23:15.373000-05:00;225.54;100.0;115.64;6;115.65;5
2017-01-03 15:23:21.999000-05:00;225.53;3045.0;115.64;7;115.65;5
2017-01-03 15:23:22.003000-05:00;225.53;100.0;115.64;13;115.65;12
2017-01-03 15:23:22.060000-05:00;225.53;380.0;115.64;6;115.65;7
2017-01-03 15:23:27.633000-05:00;225.52;224.0;115.62;4;115.63;13
2017-01-03 15:23:40.163000-05:00;225.525;100.0;115.64;4;115.65;4
2017-01-03 15:23:59.951000-05:00;225.56;4800.0;115.68;10;115.69;15
2017-01-03 15:23:59.962000-05:00;225.56000000000003;616.0;115.68;10;115.69;21
2017-01-03 15:24:00.082000-05:00;225.56;300.0;115.66499999999999;10;115.68;14
2017-01-03 15:24:01.222000-05:00;225.56;100.0;115.67;43;115.68333333333334;30
2017-01-03 15:24:13.401000-05:00;225.53;1800.0;115.71;8;115.71999999999998;68
2017-01-03 15:24:19.611000-05:00;225.54;869.0;115.71;297;115.72428571428571;147
2017-01-03 15:24:28.661000-05:00;225.569;3199.0;115.72;9;115.73;5
2017-01-03 15:24:45.762000-05:00;225.57000000000002;2822.0;115.72;56;115.74;72
2017-01-03 15:24:46.860000-05:00;225.54;1890.0;115.73;12;115.74;54
2017-01-03 15:24:50.390000-05:00;225.55;279.0;115.73;5;115.74;14
2017-01-03 15:24:55.090000-05:00;225.555;100.0;115.73;20;115.74;27
2017-01-03 15:24:55.680000-05:00;225.58;200.0;115.73;10;115.74;11
2017-01-03 15:24:56.621000-05:00;225.57;300.0;115.73;18;115.74;25
2017-01-03 15:24:58.100000-05:00;225.57;257.0;115.73;28;115.74;60
2017-01-03 15:25:00.768000-05:00;225.57;800.0;115.73;4;115.74;12
2017-01-03 15:25:20.371000-05:00;225.55;100.0;115.7;11;115.72;10
2017-01-03 15:25:21.821000-05:00;225.55;636.0;115.71;3;115.72;19
2017-01-03 15:25:22.879000-05:00;225.55000000000004;300.0;115.71;9;115.71999999999998;57
2017-01-03 15:25:27.599000-05:00;225.53;400.0;115.7;12;115.71;13
2017-01-03 15:25:34.879000-05:00;225.53;397.0;115.67414634146343;302;115.68707317073171;459
2017-01-03 15:25:35.329000-05:00;225.53;793.0;115.67714285714285;36;115.68857142857142;117
2017-01-03 15:25:35.438000-05:00;225.53;1598.0;115.68;13;115.69;14
2017-01-03 15:25:36.161000-05:00;225.535;300.0;115.68;61;115.69;115
2017-01-03 15:25:56.949000-05:00;225.54;46.0;115.7;22;115.71;4
2017-01-03 15:26:01.668000-05:00;225.56;600.0;115.71;11;115.71999999999998;22
2017-01-03 15:26:04.206000-05:00;225.54000000000002;522.0;115.68;9;115.69;15
2017-01-03 15:26:09.347000-05:00;225.55;100.0;115.68;10;115.69;7
2017-01-03 15:26:09.428000-05:00;225.55000000000004;2947.0;115.69;308;115.7;274
2017-01-03 15:26:09.438000-05:00;225.55;1800.0;115.69;4;115.7;4
2017-01-03 15:26:12.010000-05:00;225.56000000000003;430.0;115.69;18;115.7;16
2017-01-03 15:26:12.158000-05:00;225.57000000000002;102.0;115.69;10;115.7;13
2017-01-03 15:26:13.668000-05:00;225.58;1000.0;115.7;29;115.71999999999998;48
2017-01-03 15:26:14.668000-05:00;225.58;600.0;115.70885714285714;171;115.72;324
2017-01-03 15:26:25.868000-05:00;225.57;51.0;115.7;13;115.71;14
2017-01-03 15:26:26.734000-05:00;225.56000000000003;400.0;115.71;49;115.72;9
2017-01-03 15:26:27.328000-05:00;225.56;1.0;115.71;3;115.72;5
2017-01-03 15:26:42.017000-05:00;225.55;54.0;115.71;18;115.72;13
2017-01-03 15:27:00.837000-05:00;225.54;100.0;115.7;68;115.71;16
2017-01-03 15:27:06.497000-05:00;225.54;220.0;115.7;3;115.71;8
2017-01-03 15:27:06.645000-05:00;225.52;29.0;115.67;18;115.68;17
2017-01-03 15:27:09.668000-05:00;225.5375;500.0;115.68;13;115.69;14
2017-01-03 15:27:10.456000-05:00;225.54;200.0;115.67090909090909;149;115.68454545454546;278
2017-01-03 15:27:16.275000-05:00;225.54;100.0;115.67;113;115.68000000000002;117
2017-01-03 15:27:26.706000-05:00;225.52000000000004;873.0;115.68;10;115.69;5
2017-01-03 15:27:28.304000-05:00;225.52;100.0;115.68;16;115.69;4
2017-01-03 15:27:31.846000-05:00;225.51;512.0;115.67;4;115.68;4
2017-01-03 15:27:31.869000-05:00;225.5;6520.0;115.67;4;115.68;18
2017-01-03 15:27:35.025000-05:00;225.5;201.0;115.67;122;115.68;98
2017-01-03 15:27:39.449000-05:00;225.52;100.0;115.68;2;115.69;9
2017-01-03 15:28:02.984000-05:00;225.54;1400.0;115.7;9;115.71;4
2017-01-03 15:28:11.704000-05:00;225.54;787.0;115.7;18;115.71;17
2017-01-03 15:28:11.764000-05:00;225.54;1880.0;115.704375;367;115.72;292
2017-01-03 15:28:14.634000-05:00;225.54;725.0;115.71;12;115.71999999999998;34
2017-01-03 15:28:14.683000-05:00;225.55;200.0;115.71;5;115.72;7
2017-01-03 15:28:19.492000-05:00;225.55;1200.0;115.71;10;115.72;5
2017-01-03 15:28:25.415000-05:00;225.55;100.0;115.72;414;115.73545454545454;495
2017-01-03 15:28:25.424000-05:00;225.55;100.0;115.71999999999998;35;115.73;14
2017-01-03 15:28:31.304000-05:00;225.57000000000002;302.0;115.72;32;115.72999999999999;45
2017-01-03 15:28:39.673000-05:00;225.575;100.0;115.70999999999998;35;115.72;68
2017-01-03 15:28:46.364000-05:00;225.58;635.0;115.71;48;115.72266666666665;129
2017-01-03 15:28:46.383000-05:00;225.575;100.0;115.71;36;115.72;34
2017-01-03 15:28:50.017000-05:00;225.58;169.0;115.72;2;115.73;8
2017-01-03 15:28:59.413000-05:00;225.58928571428572;1600.0;115.7225;33;115.74;54
2017-01-03 15:29:00.055000-05:00;225.6;200.0;115.73;64;115.74;21
2017-01-03 15:29:00.212000-05:00;225.6;400.0;115.73;7;115.74;3
2017-01-03 15:29:12.585000-05:00;225.59;600.0;115.73;2;115.74;9
2017-01-03 15:29:13.262000-05:00;225.575;100.0;115.71;11;115.72;11
2017-01-03 15:29:18.752000-05:00;225.58;800.0;115.71;39;115.72;41
2017-01-03 15:29:23.392000-05:00;225.57000000000002;1000.0;115.71;43;115.72;31
2017-01-03 15:29:26.700000-05:00;225.57;200.0;115.71;18;115.72;13
2017-01-03 15:29:35.142000-05:00;225.57;1033.0;115.7;17;115.71999999999998;28
2017-01-03 15:29:35.602000-05:00;225.56;700.0;115.70333333333333;11;115.71999999999998;23
2017-01-03 15:29:59.191000-05:00;225.515;642.0;115.69;5;115.7;4
2017-01-03 15:30:00.591000-05:00;225.515;1.0;115.69;7;115.71;5
2017-01-03 15:30:00.641000-05:00;225.515;400.0;115.69;5;115.7;2
2017-01-03 15:30:05.761000-05:00;225.50100000000003;960.0;115.69;16;115.7;3
2017-01-03 15:30:05.792000-05:00;225.49083333333337;501.0;115.69;9;115.7;12
2017-01-03 15:30:07.881000-05:00;225.48083333333332;700.0;115.69;99;115.69999999999999;76
2017-01-03 15:30:09.682000-05:00;225.51;182.0;115.69999999999999;40;115.70999999999998;44
2017-01-03 15:30:13.682000-05:00;225.54;75.0;115.71;3;115.72;8
2017-01-03 15:30:16.932000-05:00;225.55000000000004;400.0;115.71;3;115.72;4
2017-01-03 15:30:27.831000-05:00;225.6;565.0;115.71;6;115.71999999999998;15
2017-01-03 15:30:27.861000-05:00;225.6;1011.0;115.71;2;115.72;5
2017-01-03 15:30:27.931000-05:00;225.6;83.0;115.71;98;115.72999999999999;192
2017-01-03 15:30:39.391000-05:00;225.61;101.0;115.75;13;115.76;75
2017-01-03 15:30:39.571000-05:00;225.6;103.0;115.74;4;115.75;10
2017-01-03 15:30:42.040000-05:00;225.6;300.0;115.74;5;115.75;6
2017-01-03 15:30:50.770000-05:00;225.6;300.0;115.74;3;115.75;10
2017-01-03 15:30:55.681000-05:00;225.61;174.0;115.72;8;115.73;1
2017-01-03 15:31:03.641000-05:00;225.63;100.0;115.74;84;115.75428571428571;46
2017-01-03 15:31:03.681000-05:00;225.63833333333332;1900.0;115.74;24;115.75;5
2017-01-03 15:31:03.740000-05:00;225.635;148.0;115.74;8;115.75;2
2017-01-03 15:31:05.350000-05:00;225.61;785.0;115.73;1;115.74;9
2017-01-03 15:31:06.171000-05:00;225.6;1200.0;115.73;4;115.74;13
2017-01-03 15:31:08.890000-05:00;225.6;600.0;115.73;15;115.74;17
2017-01-03 15:31:16.070000-05:00;225.59;1100.0;115.72;8;115.73;1
2017-01-03 15:31:27.260000-05:00;225.56;53.0;115.72;3;115.73;8
2017-01-03 15:31:39.349000-05:00;225.57;100.0;115.73;56;115.74;61
2017-01-03 15:31:48.939000-05:00;225.56;100.0;115.73028571428571;422;115.74342857142857;334
2017-01-03 15:31:55.694000-05:00;225.55;1301.0;115.74;7;115.75;5
2017-01-03 15:32:06.404000-05:00;225.55000000000004;595.0;115.74;8;115.75;4
2017-01-03 15:32:08.568000-05:00;225.5325;9336.0;115.73;39;115.75;50
2017-01-03 15:32:09.318000-05:00;225.53;500.0;115.74;20;115.75;14
2017-01-03 15:32:09.337000-05:00;225.53;400.0;115.74;10;115.75;9
2017-01-03 15:32:18.528000-05:00;225.51;400.0;115.73444444444443;41;115.75;97
2017-01-03 15:32:19.009000-05:00;225.52;800.0;115.74;4;115.75;5
2017-01-03 15:32:20.848000-05:00;225.54;40.0;115.75;16;115.76;1
2017-01-03 15:32:37.098000-05:00;225.53;2600.0;115.73;9;115.75;21
2017-01-03 15:32:41.649000-05:00;225.52;300.0;115.73;231;115.74;49
2017-01-03 15:32:41.657000-05:00;225.51;1405.0;115.73;63;115.74;8
2017-01-03 15:32:41.817000-05:00;225.52;88.0;115.73;21;115.74;4
2017-01-03 15:32:58.039000-05:00;225.48;800.0;115.73;4;115.74;9
2017-01-03 15:33:02.926000-05:00;225.47045454545457;1800.0;115.74;12;115.75;11
2017-01-03 15:33:07.307000-05:00;225.47;299.0;115.74;16;115.75;25
2017-01-03 15:33:10.648000-05:00;225.48;164.0;115.73999999999998;53;115.75;55
2017-01-03 15:33:14.996000-05:00;225.48;1700.0;115.74;22;115.75;17
2017-01-03 15:33:15.016000-05:00;225.48;1300.0;115.74;11;115.75;9
2017-01-03 15:33:19.685000-05:00;225.5;100.0;115.77;4;115.78;8
2017-01-03 15:33:23.844000-05:00;225.5;200.0;115.77;4;115.78;13
2017-01-03 15:33:30.966000-05:00;225.5;500.0;115.76;64;115.77;46
2017-01-03 15:33:38.385000-05:00;225.49;354.0;115.76;12;115.77;3
2017-01-03 15:33:41.996000-05:00;225.49;367.0;115.76;9;115.77;6
2017-01-03 15:33:48.687000-05:00;225.48;900.0;115.74;53;115.75;19
2017-01-03 15:33:53.555000-05:00;225.468;1100.0;115.75;36;115.76;36
2017-01-03 15:33:54.645000-05:00;225.46125;2103.0;115.74166666666666;202;115.75527777777779;379
2017-01-03 15:34:06.055000-05:00;225.4509090909091;2336.0;115.74;8;115.75;4
2017-01-03 15:34:38.194000-05:00;225.435;100.0;115.76;13;115.77;10
2017-01-03 15:34:39.703000-05:00;225.426;8590.0;115.76;7;115.77;16
2017-01-03 15:34:43.113000-05:00;225.43;1.0;115.76;8;115.77;15
2017-01-03 15:34:45.700000-05:00;225.43;200.0;115.76;5;115.77;9
2017-01-03 15:34:49.684000-05:00;225.43;100.0;115.76000000000002;59;115.77000000000001;35
2017-01-03 15:35:06.692000-05:00;225.46;2634.0;115.76;40;115.77;30
2017-01-03 15:35:06.973000-05:00;225.45166666666668;1000.0;115.76;12;115.77;8
2017-01-03 15:35:16.754000-05:00;225.4;7750.0;115.75;39;115.76;201
2017-01-03 15:35:16.763000-05:00;225.4;1527.0;115.75;24;115.76;133
2017-01-03 15:35:16.773000-05:00;225.4;44.0;115.75;15;115.76000000000002;65
2017-01-03 15:35:17.133000-05:00;225.39;2901.0;115.74;18;115.75;20
2017-01-03 15:35:17.167000-05:00;225.39;1700.0;115.74;3;115.75;10
2017-01-03 15:35:19.133000-05:00;225.37;446.0;115.75;14;115.76000000000002;36
2017-01-03 15:35:22.683000-05:00;225.39;500.0;115.75;37;115.76;6
2017-01-03 15:35:32.892000-05:00;225.37;701.0;115.7435;214;115.75750000000001;660
2017-01-03 15:35:34.262000-05:00;225.36;60.0;115.75;1;115.76;18
2017-01-03 15:35:37.902000-05:00;225.35;890.0;115.72999999999999;23;115.73999999999998;30
2017-01-03 15:35:38.762000-05:00;225.36;400.0;115.73;11;115.74;6
2017-01-03 15:35:41.793000-05:00;225.36;100.0;115.73;20;115.74;124
2017-01-03 15:35:43.336000-05:00;225.37;50.0;115.72;5;115.73;11
2017-01-03 15:35:44.822000-05:00;225.36;200.0;115.72;5;115.73;6
2017-01-03 15:35:58.733000-05:00;225.375;75.0;115.72;2;115.73;18
2017-01-03 15:36:04.962000-05:00;225.36;502.0;115.69;9;115.7;32
2017-01-03 15:36:16.031000-05:00;225.35;578.0;115.69;16;115.7;44
2017-01-03 15:36:27.826000-05:00;225.37;100.0;115.7;11;115.71;10
2017-01-03 15:36:35.560000-05:00;225.37999999999997;6900.0;115.71;33;115.71999999999998;11
2017-01-03 15:36:35.668000-05:00;225.375;600.0;115.71;28;115.72;5
2017-01-03 15:36:37.631000-05:00;225.37;499.0;115.71;14;115.72;11
2017-01-03 15:36:39.688000-05:00;225.3615384615385;3059.0;115.71;11;115.72;12
2017-01-03 15:36:39.748000-05:00;225.36700000000002;554.0;115.71;6;115.72;6
2017-01-03 15:37:02.550000-05:00;225.27;300.0;115.7;14;115.71;10
2017-01-03 15:37:04.479000-05:00;225.27;66.0;115.7;16;115.71;4
2017-01-03 15:37:07.120000-05:00;225.27;4171.0;115.7;32;115.71;17
2017-01-03 15:37:23.510000-05:00;225.28;301.0;115.72;96;115.73;87
2017-01-03 15:37:26.439000-05:00;225.28;2800.0;115.71999999999998;38;115.73;31
2017-01-03 15:37:39.379000-05:00;225.27550000000002;554.0;115.75;10;115.76;6
2017-01-03 15:37:41.759000-05:00;225.2775;1067.0;115.75;102;115.76000000000002;35
2017-01-03 15:37:50.291000-05:00;225.28;1585.0;115.76;71;115.77;82
2017-01-03 15:38:08.128000-05:00;225.25;600.0;115.74;8;115.75;9
2017-01-03 15:38:08.408000-05:00;225.24;200.0;115.74;24;115.75;39
2017-01-03 15:38:21.062000-05:00;225.27;6732.0;115.75;127;115.76;194
2017-01-03 15:38:21.397000-05:00;225.31;33.0;115.77;4;115.78;9
2017-01-03 15:38:23.258000-05:00;225.31900000000002;700.0;115.76;26;115.78;39
2017-01-03 15:38:30.328000-05:00;225.31;322.0;115.74;21;115.76;27
2017-01-03 15:38:48.503000-05:00;225.31;100.0;115.75;16;115.77;29
2017-01-03 15:38:56.828000-05:00;225.31;300.0;115.76;124;115.77;87
2017-01-03 15:39:13.026000-05:00;225.26;66.0;115.75;7;115.76;17
2017-01-03 15:39:14.286000-05:00;225.24;1.0;115.74;22;115.75;11
2017-01-03 15:39:15.686000-05:00;225.26;800.0;115.75;28;115.76;238
2017-01-03 15:39:21.046000-05:00;225.23;3.0;115.75;5;115.76;40
2017-01-03 15:39:26.765000-05:00;225.22;169.0;115.74;9;115.75;12
2017-01-03 15:39:27.956000-05:00;225.218125;1100.0;115.72;8;115.73;17
2017-01-03 15:39:27.966000-05:00;225.22;700.0;115.72;4;115.73;9
2017-01-03 15:39:29.972000-05:00;225.21;239.0;115.72;4;115.73;6
2017-01-03 15:39:32.366000-05:00;225.23;223.0;115.73;14;115.74;26
2017-01-03 15:39:44.585000-05:00;225.22;100.0;115.73;12;115.74;32
2017-01-03 15:39:44.625000-05:00;225.22;200.0;115.73;4;115.74;8
2017-01-03 15:39:54.996000-05:00;225.2;600.0;115.72;6;115.73;14
2017-01-03 15:39:56.875000-05:00;225.18850000000003;1200.0;115.72;2;115.73;10
2017-01-03 15:39:59.495000-05:00;225.18;400.0;115.71;26;115.73;21
2017-01-03 15:40:01.615000-05:00;225.19;600.0;115.72;5;115.73;7
2017-01-03 15:40:08.118000-05:00;225.17;100.0;115.72;16;115.74;18
2017-01-03 15:40:15.405000-05:00;225.22;1100.0;115.76;7;115.77;8
2017-01-03 15:40:18.664000-05:00;225.23;1.0;115.77;4;115.78;10
2017-01-03 15:40:18.814000-05:00;225.23;45.0;115.77;9;115.78000000000002;30
2017-01-03 15:40:21.934000-05:00;225.22;108.0;115.77;7;115.78;20
2017-01-03 15:40:24.274000-05:00;225.21;296.0;115.77;17;115.77999999999999;150
2017-01-03 15:40:27.004000-05:00;225.24;1100.0;115.77;7;115.78;24
2017-01-03 15:40:45.435000-05:00;225.23;200.0;115.76;2;115.77;10
2017-01-03 15:40:48.244000-05:00;225.22899999999998;3300.0;115.72;101;115.74;193
2017-01-03 15:40:58.677000-05:00;225.235;300.0;115.72;56;115.73799999999999;77
2017-01-03 15:40:58.683000-05:00;225.24;679.0;115.72655172413793;312;115.74;470
2017-01-03 15:41:02.812000-05:00;225.23;200.0;115.73;15;115.74;84
2017-01-03 15:41:04.075000-05:00;225.23;95.0;115.72;9;115.74;24
2017-01-03 15:41:15.713000-05:00;225.20999999999998;2253.0;115.74;75;115.75;18
2017-01-03 15:41:22.885000-05:00;225.22;447.0;115.74;169;115.7525;77
2017-01-03 15:41:23.681000-05:00;225.23;300.0;115.75;42;115.76;9
2017-01-03 15:41:27.802000-05:00;225.23;300.0;115.75;18;115.76;16
2017-01-03 15:41:28.423000-05:00;225.22125;255.0;115.74;8;115.75;4
2017-01-03 15:41:37.780000-05:00;225.23;141.0;115.76;10;115.77;10
2017-01-03 15:41:38.082000-05:00;225.24;504.0;115.76;20;115.77;17
2017-01-03 15:41:39.082000-05:00;225.23;311.0;115.77;12;115.78000000000002;59
2017-01-03 15:42:00.671000-05:00;225.22;1200.0;115.75103448275863;351;115.76586206896552;409
2017-01-03 15:42:09.301000-05:00;225.23;529.0;115.75;8;115.76;16
2017-01-03 15:42:22.821000-05:00;225.23;188.0;115.75;12;115.76;9
2017-01-03 15:42:48.469000-05:00;225.23;300.0;115.72;3;115.73;6
2017-01-03 15:42:52.080000-05:00;225.23880952380955;6168.0;115.72;9;115.73;28
2017-01-03 15:42:54.270000-05:00;225.23;100.0;115.73;3;115.74;12
2017-01-03 15:42:54.301000-05:00;225.24;2281.0;115.72;228;115.72999999999999;257
2017-01-03 15:42:56.539000-05:00;225.23125;1820.0;115.71999999999998;108;115.74;80
2017-01-03 15:42:56.549000-05:00;225.22;12001.0;115.71999999999998;209;115.73;35
2017-01-03 15:42:56.570000-05:00;225.21571428571428;1500.0;115.71999999999998;30;115.73;12
2017-01-03 15:42:58.549000-05:00;225.219375;2028.0;115.7;14;115.71;7
2017-01-03 15:42:58.559000-05:00;225.22;100.0;115.7;40;115.71;7
2017-01-03 15:42:59.539000-05:00;225.23875;1400.0;115.71;22;115.71999999999998;12
2017-01-03 15:42:59.579000-05:00;225.24;200.0;115.71045454545452;442;115.72068181818182;176
2017-01-03 15:42:59.589000-05:00;225.25;70.0;115.72;171;115.72999999999999;318
2017-01-03 15:43:01.320000-05:00;225.22999999999996;590.0;115.70166666666667;61;115.71999999999998;87
2017-01-03 15:43:05.671000-05:00;225.25833333333333;2571.0;115.72;242;115.73;64
2017-01-03 15:43:21.339000-05:00;225.25;100.0;115.72;5;115.73;10
2017-01-03 15:43:29.359000-05:00;225.24;950.0;115.7;6;115.71;9
2017-01-03 15:43:30.369000-05:00;225.23;100.0;115.69;39;115.71;24
2017-01-03 15:43:59.739000-05:00;225.18666666666664;201.0;115.68200000000002;30;115.694;30
2017-01-03 15:44:11.666000-05:00;225.16;100.0;115.68;22;115.69;7
2017-01-03 15:44:15.659000-05:00;225.15;94.0;115.68;14;115.69;16
2017-01-03 15:44:17.227000-05:00;225.13;100.0;115.68;3;115.69;8
2017-01-03 15:44:19.457000-05:00;225.14;100.0;115.68;7;115.69;14
2017-01-03 15:44:20.178000-05:00;225.15;3655.0;115.68000000000002;29;115.69000000000001;12
2017-01-03 15:44:21.076000-05:00;225.15;155.0;115.68;3;115.69;4
2017-01-03 15:44:24.877000-05:00;225.15;500.0;115.68;3;115.69;6
2017-01-03 15:44:29.657000-05:00;225.14;200.0;115.68;5;115.69;6
2017-01-03 15:44:41.136000-05:00;225.14;2297.0;115.67;6;115.68;4
2017-01-03 15:44:43.426000-05:00;225.13;13.0;115.68;3;115.69;5
2017-01-03 15:44:43.808000-05:00;225.12;1502.0;115.67;6;115.68;4
2017-01-03 15:44:44.553000-05:00;225.12;2541.0;115.67;13;115.68;10
2017-01-03 15:44:45.657000-05:00;225.12;6600.0;115.68;4;115.69;6
2017-01-03 15:44:53.666000-05:00;225.10833333333335;4000.0;115.68;35;115.7;33
2017-01-03 15:44:56.657000-05:00;225.1;224.0;115.69;131;115.7;23
2017-01-03 15:44:59.546000-05:00;225.07000000000002;422.0;115.7;9;115.71;16
2017-01-03 15:45:00.616000-05:00;225.07;3540.0;115.7;10;115.71;17
2017-01-03 15:45:03.801000-05:00;225.07;127.0;115.71999999999998;12;115.73;6
2017-01-03 15:45:04.738000-05:00;225.075;100.0;115.72727272727273;168;115.74;445
2017-01-03 15:45:06.963000-05:00;225.07;400.0;115.72;5;115.73;8
2017-01-03 15:45:09.675000-05:00;225.05999999999997;2751.0;115.70999999999998;45;115.72;96
2017-01-03 15:45:10.685000-05:00;225.08;100.0;115.72266666666665;117;115.74;129
2017-01-03 15:45:11.276000-05:00;225.09;100.0;115.71999999999998;30;115.73;13
2017-01-03 15:45:13.585000-05:00;225.07;1000.0;115.71;16;115.72;7
2017-01-03 15:45:13.595000-05:00;225.07;1.0;115.71;8;115.72;3
2017-01-03 15:45:20.685000-05:00;225.10916666666665;1751.0;115.72;11;115.73;14
2017-01-03 15:45:27.761000-05:00;225.11;2600.0;115.73;8;115.74;2
2017-01-03 15:45:41.683000-05:00;225.089;1103.0;115.73;4;115.74;8
2017-01-03 15:45:58.144000-05:00;225.11;100.0;115.72;149;115.74;156
2017-01-03 15:45:58.145000-05:00;225.11;555.0;115.72999999999999;68;115.73999999999998;175
2017-01-03 15:46:00.054000-05:00;225.11;1064.0;115.73;12;115.74;13
2017-01-03 15:46:05.144000-05:00;225.11000000000004;1929.0;115.72999999999999;32;115.73999999999998;30
2017-01-03 15:46:15.673000-05:00;225.14;2601.0;115.73;11;115.75;24
2017-01-03 15:46:18.994000-05:00;225.12;1023.0;115.74;3;115.75;20
2017-01-03 15:46:19.013000-05:00;225.13;914.0;115.73;92;115.74;88
2017-01-03 15:46:21.354000-05:00;225.11000000000004;862.0;115.73;14;115.74;9
2017-01-03 15:46:27.270000-05:00;225.13;1023.0;115.74;4;115.75;14
2017-01-03 15:46:29.753000-05:00;225.12937499999998;1843.0;115.74;10;115.75;27
2017-01-03 15:46:42.483000-05:00;225.13;200.0;115.75;22;115.76000000000002;60
2017-01-03 15:46:46.239000-05:00;225.13;300.0;115.75;12;115.76;23
2017-01-03 15:46:58.769000-05:00;225.10750000000002;200.0;115.75;15;115.76;24
2017-01-03 15:47:00.162000-05:00;225.1;1.0;115.76;23;115.77;25
2017-01-03 15:47:02.722000-05:00;225.09;200.0;115.76;7;115.77;6
2017-01-03 15:47:05.132000-05:00;225.09;500.0;115.76;13;115.77;16
2017-01-03 15:47:12.359000-05:00;225.09307692307692;3868.0;115.74444444444445;99;115.75666666666666;289
2017-01-03 15:47:12.360000-05:00;225.1;1506.0;115.75;89;115.76000000000002;128
2017-01-03 15:47:13.674000-05:00;225.13937499999997;4000.0;115.76;59;115.77;18
2017-01-03 15:47:25.655000-05:00;225.13;1000.0;115.76380952380953;114;115.78;800
2017-01-03 15:47:25.664000-05:00;225.12999999999997;1588.0;115.76;150;115.7742857142857;554
2017-01-03 15:47:25.684000-05:00;225.14;410.0;115.75;9;115.76;9
2017-01-03 15:47:28.214000-05:00;225.12;100.0;115.72999999999999;61;115.74842105263157;301
2017-01-03 15:47:36.155000-05:00;225.11;200.0;115.74;14;115.75;29
2017-01-03 15:47:40.803000-05:00;225.09;727.0;115.71999999999998;115;115.72999999999999;253
2017-01-03 15:47:54.533000-05:00;225.12;200.0;115.72;10;115.73;23
2017-01-03 15:47:57.003000-05:00;225.11;100.0;115.72;7;115.73;11
2017-01-03 15:48:01.283000-05:00;225.09;73.0;115.71;4;115.72;14
2017-01-03 15:48:03.673000-05:00;225.09;1601.0;115.71;3;115.72;8
2017-01-03 15:48:10.323000-05:00;225.12;824.0;115.71999999999998;19;115.73;98
2017-01-03 15:48:16.853000-05:00;225.12;368.0;115.72;146;115.72999999999999;191
2017-01-03 15:48:20.156000-05:00;225.1275;200.0;115.72076923076922;213;115.73153846153846;186
2017-01-03 15:48:20.158000-05:00;225.13;263.0;115.72999999999999;191;115.74;492
2017-01-03 15:48:22.462000-05:00;225.13;400.0;115.73;4;115.74;7
2017-01-03 15:48:30.372000-05:00;225.13;2500.0;115.73;8;115.74;8
2017-01-03 15:48:30.573000-05:00;225.13;1.0;115.73;18;115.74;24
2017-01-03 15:48:32.291000-05:00;225.12;100.0;115.73;19;115.74;101
2017-01-03 15:48:45.008000-05:00;225.09;1030.0;115.73;14;115.74;32
2017-01-03 15:48:51.322000-05:00;225.12;599.0;115.72999999999999;35;115.73999999999998;30
2017-01-03 15:48:53.912000-05:00;225.12;663.0;115.71;136;115.72999999999999;327
2017-01-03 15:48:58.675000-05:00;225.11;300.0;115.72;5;115.73;28
2017-01-03 15:49:09.101000-05:00;225.11;400.0;115.69;66;115.69999999999999;57
2017-01-03 15:49:18.676000-05:00;225.08;200.0;115.66;45;115.67;17
2017-01-03 15:49:20.096000-05:00;225.08;700.0;115.67;8;115.68;4
2017-01-03 15:49:25.381000-05:00;225.08;2088.0;115.65;8;115.66;6
2017-01-03 15:49:39.561000-05:00;225.04000000000002;3416.0;115.64;25;115.66;83
2017-01-03 15:49:42.481000-05:00;225.05;500.0;115.65;17;115.66;22
2017-01-03 15:49:42.571000-05:00;225.05000000000004;2700.0;115.65;149;115.66;88
2017-01-03 15:49:54.651000-05:00;225.02;275.0;115.65;11;115.66;32
2017-01-03 15:49:54.673000-05:00;225.02;200.0;115.65;11;115.66;32
2017-01-03 15:50:00.369000-05:00;224.97;2000.0;115.65;6;115.66;18
2017-01-03 15:50:01.709000-05:00;224.97;100.0;115.65;5;115.66;16
2017-01-03 15:50:02.380000-05:00;224.96;4.0;115.65000000000002;19;115.66000000000001;52
2017-01-03 15:50:02.400000-05:00;224.96;1141.0;115.65;6;115.66;17
2017-01-03 15:50:02.690000-05:00;224.96;350.0;115.65;6;115.66;16
2017-01-03 15:50:04.509000-05:00;224.97999999999996;1420.0;115.65;20;115.66;19
2017-01-03 15:50:14.679000-05:00;224.98;800.0;115.62;4;115.63;9
2017-01-03 15:50:16.681000-05:00;225.02000000000004;1101.0;115.63000000000001;157;115.64;30
2017-01-03 15:50:16.962000-05:00;225.03;100.0;115.63;110;115.64428571428572;29
2017-01-03 15:50:37.948000-05:00;225.02;100.0;115.59;4;115.6;9
2017-01-03 15:50:39.298000-05:00;225.01;503.0;115.59;20;115.6;73
2017-01-03 15:50:42.970000-05:00;225.01;500.0;115.57000000000001;148;115.58;110
2017-01-03 15:50:43.678000-05:00;225.0;1000.0;115.56;2;115.57;4
2017-01-03 15:50:53.858000-05:00;225.0;100.0;115.58;186;115.59466666666667;132
2017-01-03 15:50:55.278000-05:00;225.0;100.0;115.58999999999999;14;115.59999999999998;11
2017-01-03 15:51:08.108000-05:00;225.0;1400.0;115.6;7;115.61;20
2017-01-03 15:51:15.677000-05:00;225.01;1600.0;115.6;5;115.61;9
2017-01-03 15:51:21.517000-05:00;225.00900000000001;1388.0;115.6;36;115.60999999999999;38
2017-01-03 15:51:21.676000-05:00;225.02;12826.0;115.59999999999998;27;115.61;22
2017-01-03 15:51:42.926000-05:00;224.98;46.0;115.6;9;115.61;28
2017-01-03 15:51:43.672000-05:00;224.9975;2801.0;115.6;5;115.61;13
2017-01-03 15:51:47.006000-05:00;225.00460526315788;11374.0;115.59999999999998;18;115.61;20
2017-01-03 15:51:48.676000-05:00;225.00833333333333;1100.0;115.6;12;115.61;3
2017-01-03 15:52:00.545000-05:00;225.01;300.0;115.57;14;115.58;7
2017-01-03 15:52:04.395000-05:00;225.0;900.0;115.57666666666667;19;115.58999999999999;24
2017-01-03 15:52:12.615000-05:00;225.01;100.0;115.57;63;115.58;9
2017-01-03 15:52:21.475000-05:00;225.02;823.0;115.57;19;115.58;2
2017-01-03 15:52:31.365000-05:00;225.0292857142857;1550.0;115.57;22;115.58;5
2017-01-03 15:52:39.365000-05:00;225.0292857142857;1901.0;115.56999999999998;48;115.58;39
2017-01-03 15:52:40.635000-05:00;225.03;200.0;115.56;33;115.57;38
2017-01-03 15:52:59.654000-05:00;224.95;200.0;115.56;9;115.57;15
2017-01-03 15:53:06.466000-05:00;224.95916666666668;700.0;115.55999999999999;51;115.56999999999998;51
2017-01-03 15:53:06.673000-05:00;224.97;1.0;115.56;11;115.57;8
2017-01-03 15:53:11.244000-05:00;224.95;121.0;115.55;2;115.56;12
2017-01-03 15:53:17.673000-05:00;224.9492857142857;1784.0;115.53;7;115.54;6
2017-01-03 15:53:28.644000-05:00;224.94;100.0;115.53;32;115.54;44
2017-01-03 15:53:34.613000-05:00;224.93928571428572;1735.0;115.53;11;115.54;9
2017-01-03 15:53:41.163000-05:00;224.93;300.0;115.53;253;115.545;200
2017-01-03 15:53:41.164000-05:00;224.92999999999998;822.0;115.53928571428573;106;115.55;254
2017-01-03 15:53:55.212000-05:00;224.95;1100.0;115.57;9;115.58;14
2017-01-03 15:54:15.362000-05:00;224.95;1344.0;115.57;17;115.58;12
2017-01-03 15:54:21.272000-05:00;224.94;397.0;115.57;21;115.58;24
2017-01-03 15:54:38.302000-05:00;224.93928571428572;2767.0;115.58;6;115.59;19
2017-01-03 15:54:43.171000-05:00;224.92999999999998;500.0;115.58;4;115.59;9
2017-01-03 15:54:46.610000-05:00;224.92999999999998;600.0;115.57;8;115.58;6
2017-01-03 15:54:58.151000-05:00;224.95;350.0;115.58428571428571;59;115.59571428571428;151
2017-01-03 15:55:01.370000-05:00;224.95;200.0;115.59;13;115.6;30
2017-01-03 15:55:01.381000-05:00;224.93999999999997;1161.0;115.59;12;115.6;30
2017-01-03 15:55:01.431000-05:00;224.93;960.0;115.58999999999999;34;115.59999999999998;90
2017-01-03 15:55:03.391000-05:00;224.95;2642.0;115.59;12;115.6;31
2017-01-03 15:55:06.431000-05:00;224.92;4753.0;115.59;8;115.6;38
2017-01-03 15:55:16.240000-05:00;224.91;1400.0;115.58;16;115.59;22
2017-01-03 15:55:16.710000-05:00;224.91;100.0;115.57;18;115.58999999999999;41
2017-01-03 15:55:22.720000-05:00;224.9;200.0;115.58;5;115.59;11
2017-01-03 15:55:24.190000-05:00;224.9;358.0;115.58;32;115.59;84
2017-01-03 15:55:24.320000-05:00;224.9;1361.0;115.58;15;115.59;47
2017-01-03 15:55:29.630000-05:00;224.89;1200.0;115.58;5;115.59;12
2017-01-03 15:55:33.983000-05:00;224.9;600.0;115.58;17;115.59;26
2017-01-03 15:55:42.820000-05:00;224.88;200.0;115.54;8;115.56;12
2017-01-03 15:55:43.800000-05:00;224.88;400.0;115.54;96;115.55666666666667;203
2017-01-03 15:55:45.959000-05:00;224.87;522.0;115.54;6;115.55;39
2017-01-03 15:55:45.970000-05:00;224.86;134.0;115.54;1;115.55;14
2017-01-03 15:55:55.520000-05:00;224.85;2900.0;115.53;9;115.54;7
2017-01-03 15:55:55.609000-05:00;224.85;100.0;115.53;9;115.54;8
2017-01-03 15:55:56.779000-05:00;224.82000000000002;302.0;115.52000000000001;10;115.53;90
2017-01-03 15:55:56.784000-05:00;224.82;400.0;115.51;79;115.53;382
2017-01-03 15:55:58.849000-05:00;224.83;200.0;115.52;5;115.53;12
2017-01-03 15:56:00.113000-05:00;224.84;1401.0;115.52279999999999;303;115.536;241
2017-01-03 15:56:00.122000-05:00;224.84;3000.0;115.52999999999999;88;115.54;26
2017-01-03 15:56:11.269000-05:00;224.83;600.0;115.53;3;115.54;11
2017-01-03 15:56:12.309000-05:00;224.84;1300.0;115.53;12;115.54;11
2017-01-03 15:56:12.420000-05:00;224.84;300.0;115.53;11;115.54;11
2017-01-03 15:56:12.430000-05:00;224.84;52.0;115.53;12;115.54;11
2017-01-03 15:56:14.068000-05:00;224.85;1285.0;115.53;36;115.54;40
2017-01-03 15:56:21.092000-05:00;224.85750000000002;200.0;115.55;51;115.57;29
2017-01-03 15:56:21.668000-05:00;224.88000000000002;1462.0;115.55;7;115.56;1
2017-01-03 15:56:21.679000-05:00;224.88000000000002;401.0;115.55;46;115.56833333333333;43
2017-01-03 15:56:25.018000-05:00;224.88000000000002;1170.0;115.55;9;115.56;27
2017-01-03 15:56:32.738000-05:00;224.88394736842105;3594.0;115.55;17;115.56;20
2017-01-03 15:56:45.589000-05:00;224.84;1300.0;115.55;5;115.56;6
2017-01-03 15:56:48.157000-05:00;224.84;900.0;115.55;5;115.56;7
2017-01-03 15:56:49.647000-05:00;224.84;200.0;115.55;10;115.56;13
2017-01-03 15:57:04.099000-05:00;224.77;302.0;115.48;8;115.5;10
2017-01-03 15:57:05.467000-05:00;224.74;4100.0;115.49;21;115.5;30
2017-01-03 15:57:10.577000-05:00;224.75;44.0;115.47;7;115.48;10
2017-01-03 15:57:11.047000-05:00;224.75;100.0;115.468;13;115.47999999999999;27
2017-01-03 15:57:12.290000-05:00;224.75;269.0;115.46;3;115.47;15
2017-01-03 15:57:13.190000-05:00;224.76;198.0;115.46;35;115.46999999999998;29
2017-01-03 15:57:13.687000-05:00;224.76;34.0;115.46;15;115.47;18
2017-01-03 15:57:17.718000-05:00;224.77;34.0;115.46;31;115.46999999999998;25
2017-01-03 15:57:20.146000-05:00;224.78;100.0;115.46;4;115.47;10
2017-01-03 15:57:20.906000-05:00;224.78;200.0;115.46;3;115.47;10
2017-01-03 15:57:22.666000-05:00;224.789;800.0;115.47;9;115.48;8
2017-01-03 15:57:26.677000-05:00;224.8;400.0;115.48;2;115.49;9
2017-01-03 15:57:42.266000-05:00;224.80000000000004;1000.0;115.48;8;115.49;10
2017-01-03 15:57:44.907000-05:00;224.79;2204.0;115.48;9;115.49;14
2017-01-03 15:57:50.449000-05:00;224.78;1500.0;115.46333333333332;29;115.48;19
2017-01-03 15:57:50.487000-05:00;224.76100000000002;3153.0;115.45;93;115.46;41
2017-01-03 15:57:50.648000-05:00;224.73;616.0;115.44;4;115.45;15
2017-01-03 15:57:50.688000-05:00;224.71999999999997;500.0;115.44;90;115.45;60
2017-01-03 15:57:51.525000-05:00;224.725;24.0;115.44;4;115.45;13
2017-01-03 15:57:52.046000-05:00;224.73;200.0;115.44;11;115.45;24
2017-01-03 15:57:52.146000-05:00;224.73;100.0;115.44;5;115.45;12
2017-01-03 15:57:57.665000-05:00;224.74;800.0;115.45;8;115.46;11
2017-01-03 15:58:00.158000-05:00;224.72;1100.0;115.44;9;115.45;57
2017-01-03 15:58:00.164000-05:00;224.72;100.0;115.43999999999998;21;115.45;134
2017-01-03 15:58:00.567000-05:00;224.69999999999996;400.0;115.44;3;115.45;16
2017-01-03 15:58:01.255000-05:00;224.64;600.0;115.40500000000002;30;115.42;84
2017-01-03 15:58:01.256000-05:00;224.64;400.0;115.4;18;115.42;27
2017-01-03 15:58:03.108000-05:00;224.64;500.0;115.4052380952381;221;115.42;191
2017-01-03 15:58:03.127000-05:00;224.64;34.0;115.41;10;115.42;11
2017-01-03 15:58:03.386000-05:00;224.65916666666666;1000.0;115.41;1;115.42;9
2017-01-03 15:58:07.300000-05:00;224.65875;400.0;115.41416666666667;277;115.43;283
2017-01-03 15:58:08.558000-05:00;224.65545454545455;3424.0;115.41000000000001;3;115.42;46
2017-01-03 15:58:08.560000-05:00;224.65;1000.0;115.41;4;115.42;59
2017-01-03 15:58:08.665000-05:00;224.63875;3177.0;115.4;1;115.41;3
2017-01-03 15:58:08.676000-05:00;224.64;100.0;115.4;2;115.41;3
2017-01-03 15:58:10.228000-05:00;224.62;100.0;115.40000000000002;5;115.41000000000001;30
2017-01-03 15:58:10.506000-05:00;224.60750000000002;400.0;115.4;9;115.41;6
2017-01-03 15:58:11.246000-05:00;224.64;34.0;115.42;6;115.43;2
2017-01-03 15:58:11.665000-05:00;224.65;600.0;115.42;9;115.43;9
2017-01-03 15:58:19.295000-05:00;224.7;110.0;115.45;12;115.46;11
2017-01-03 15:58:19.975000-05:00;224.70999999999998;847.0;115.46;9;115.47;10
2017-01-03 15:58:22.985000-05:00;224.71;324.0;115.46;56;115.478;41
2017-01-03 15:58:25.240000-05:00;224.73166666666668;2400.0;115.43;12;115.45;14
2017-01-03 15:58:29.204000-05:00;224.75;802.0;115.44956521739131;344;115.46173913043478;306
2017-01-03 15:58:31.115000-05:00;224.74;7700.0;115.44428571428571;116;115.46;180
2017-01-03 15:58:39.574000-05:00;224.655;100.0;115.41;3;115.42;7
2017-01-03 15:58:41.637000-05:00;224.66;100.0;115.41;17;115.42;19
2017-01-03 15:58:42.164000-05:00;224.66;300.0;115.41538461538461;441;115.42948717948718;317
2017-01-03 15:58:45.694000-05:00;224.684375;900.0;115.44;9;115.45;14
2017-01-03 15:59:02.853000-05:00;224.69;1372.0;115.43;16;115.44;17
2017-01-03 15:59:08.243000-05:00;224.67;5112.0;115.43;4;115.44;12
2017-01-03 15:59:09.693000-05:00;224.67999999999998;800.0;115.43;11;115.44;20
2017-01-03 15:59:11.023000-05:00;224.68;200.0;115.42;8;115.43;7
2017-01-03 15:59:13.743000-05:00;224.68;771.0;115.42999999999999;29;115.43999999999998;65
2017-01-03 15:59:22.899000-05:00;224.69;100.0;115.44;4;115.45;10
2017-01-03 15:59:32.863000-05:00;224.68916666666667;634.0;115.45531249999999;257;115.468125;387
2017-01-03 15:59:37.253000-05:00;224.69999999999996;500.0;115.45;39;115.46;24
2017-01-03 15:59:53.871000-05:00;224.69;177.0;115.45;4;115.46;7
2017-01-03 15:59:57.662000-05:00;224.66;200.0;115.45;4;115.46;15
2017-01-03 16:00:00.213000-05:00;224.65111111111113;1025.0;115.45;9;115.46;15
2017-01-03 16:00:08.163000-05:00;224.6;600.0;115.44;54;115.45066666666666;120
2017-01-03 16:00:18.201000-05:00;224.63;1000.0;115.48;11;115.49;16
2017-01-03 16:00:19.922000-05:00;224.64;100.0;115.48931034482759;306;115.49965517241378;303
2017-01-03 16:00:24.832000-05:00;224.62;1100.0;115.46999999999998;15;115.49;48
2017-01-03 16:00:25.342000-05:00;224.6;200.0;115.46999999999998;18;115.49;45
2017-01-03 16:00:29.237000-05:00;224.585;100.0;115.46;17;115.47;15
2017-01-03 16:00:29.622000-05:00;224.58;1300.0;115.45333333333333;47;115.46666666666665;34
2017-01-03 16:00:32.824000-05:00;224.52;800.0;115.43;5;115.44;48
2017-01-03 16:00:32.864000-05:00;224.52;400.0;115.42;34;115.43;62
2017-01-03 16:00:32.953000-05:00;224.51;200.0;115.42;6;115.43;2
2017-01-03 16:00:36.941000-05:00;224.53;800.0;115.42724137931036;254;115.43827586206896;228
2017-01-03 16:00:39.151000-05:00;224.51;1000.0;115.42;17;115.44;32
2017-01-03 16:00:52.831000-05:00;224.55;1348.0;115.45;14;115.46;49
2017-01-03 16:00:58.701000-05:00;224.49;600.0;115.41;5;115.42;7
2017-01-03 16:00:59.443000-05:00;224.48;328.0;115.41;37;115.42999999999999;104
2017-01-03 16:00:59.852000-05:00;224.47;100.0;115.42;3;115.43;10
2017-01-03 16:00:59.860000-05:00;224.48;200.0;115.42;1;115.43;10
2017-01-03 16:01:05.510000-05:00;224.48;100.0;115.42;4;115.43;9
2017-01-03 16:01:06.362000-05:00;224.5;700.0;115.4225;114;115.43875;265
2017-01-03 16:01:06.850000-05:00;224.51;700.0;115.43;3;115.44;13
2017-01-03 16:01:15.350000-05:00;224.5;516.0;115.42;100;115.43;48
2017-01-03 16:01:17.779000-05:00;224.5;234.0;115.42;5;115.43;6
2017-01-03 16:01:22.819000-05:00;224.51;200.0;115.42;116;115.44000000000001;444
2017-01-03 16:01:35.559000-05:00;224.49;600.0;115.43;4;115.44;16
2017-01-03 16:01:39.643000-05:00;224.48;400.0;115.41;4;115.42;9
2017-01-03 16:01:39.759000-05:00;224.46;101.0;115.4;32;115.41;24
2017-01-03 16:01:47.649000-05:00;224.41055555555556;1644.0;115.39;7;115.4;24
2017-01-03 16:01:48.969000-05:00;224.43;100.0;115.39;64;115.40000000000002;63
2017-01-03 16:01:52.849000-05:00;224.42999999999998;461.0;115.38;6;115.4;15
2017-01-03 16:01:54.919000-05:00;224.42;1400.0;115.38;5;115.39;4
2017-01-03 16:01:55.079000-05:00;224.42999999999998;301.0;115.39000000000001;23;115.4;35
2017-01-03 16:01:55.149000-05:00;224.43;200.0;115.37666666666667;43;115.39;124
2017-01-03 16:01:58.402000-05:00;224.38;518.0;115.36;14;115.37;32
2017-01-03 16:01:58.404000-05:00;224.38;500.0;115.35999999999999;14;115.37;62
2017-01-03 16:01:59.301000-05:00;224.34;500.0;115.34;21;115.35;18
2017-01-03 16:02:02.741000-05:00;224.4;201.0;115.36;24;115.37;20
2017-01-03 16:02:17.848000-05:00;224.42999999999998;544.0;115.37;5;115.38;7
2017-01-03 16:02:22.768000-05:00;224.45;450.0;115.371875;103;115.386875;126
2017-01-03 16:02:29.038000-05:00;224.47;500.0;115.37;17;115.39;14
2017-01-03 16:02:47.555000-05:00;224.49;1000.0;115.4;29;115.41;35
2017-01-03 16:02:49.671000-05:00;224.5;644.0;115.41;3;115.42;7
2017-01-03 16:02:50.197000-05:00;224.48;4263.0;115.41000000000001;6;115.42;24
2017-01-03 16:02:53.097000-05:00;224.5;299.0;115.41888888888889;27;115.43;89
2017-01-03 16:02:54.727000-05:00;224.49;234.0;115.43;51;115.44;115
2017-01-03 16:02:57.537000-05:00;224.51;452.0;115.45;2;115.46;11
2017-01-03 16:03:07.457000-05:00;224.51;419.0;115.46;9;115.47;26
2017-01-03 16:03:09.236000-05:00;224.51;34.0;115.46;33;115.47;34
2017-01-03 16:03:10.837000-05:00;224.52;3100.0;115.46;5;115.47;18
2017-01-03 16:03:37.826000-05:00;224.49;557.0;115.42;39;115.43;10
2017-01-03 16:03:43.985000-05:00;224.46;201.0;115.43;4;115.44;8
2017-01-03 16:03:48.515000-05:00;224.47;300.0;115.45;5;115.46;14
2017-01-03 16:04:06.355000-05:00;224.48;218.0;115.47;30;115.4825;16
2017-01-03 16:04:07.474000-05:00;224.47;201.0;115.46;10;115.46999999999998;13
2017-01-03 16:04:13.245000-05:00;224.45;300.0;115.46999999999998;8;115.48;29
2017-01-03 16:04:21.486000-05:00;224.48;1100.0;115.48;13;115.49;16
2017-01-03 16:04:26.698000-05:00;224.49;100.0;115.48533333333333;113;115.49866666666667;140
2017-01-03 16:04:37.446000-05:00;224.49;800.0;115.5;2;115.51;17
2017-01-03 16:04:38.656000-05:00;224.49;100.0;115.498;14;115.51000000000002;56
2017-01-03 16:04:38.756000-05:00;224.5;225.0;115.5;5;115.51;20
2017-01-03 16:04:40.315000-05:00;224.5;900.0;115.52;2;115.53;13
2017-01-03 16:04:45.636000-05:00;224.54;201.0;115.54;15;115.55;12
2017-01-03 16:04:49.735000-05:00;224.55;2838.0;115.55;12;115.56;9
2017-01-03 16:04:59.857000-05:00;224.55000000000004;800.0;115.54;2;115.55;12
2017-01-03 16:05:10.845000-05:00;224.56;1300.0;115.54;20;115.5575;33
2017-01-03 16:05:14.175000-05:00;224.56000000000003;1617.0;115.54;19;115.55;39
2017-01-03 16:05:15.295000-05:00;224.56000000000003;589.0;115.54;19;115.55;2
2017-01-03 16:05:22.144000-05:00;224.56;200.0;115.55;20;115.56;13
2017-01-03 16:05:22.954000-05:00;224.57;481.0;115.55;14;115.56;14
2017-01-03 16:05:39.177000-05:00;224.59;800.0;115.55428571428571;73;115.57000000000001;41
2017-01-03 16:05:39.264000-05:00;224.6;100.0;115.56;27;115.57;6
2017-01-03 16:05:39.284000-05:00;224.6;1.0;115.56;8;115.57;1
2017-01-03 16:05:45.144000-05:00;224.6;404.0;115.56999999999998;19;115.58;19
2017-01-03 16:05:45.434000-05:00;224.6;900.0;115.57;5;115.58;8
2017-01-03 16:05:52.656000-05:00;224.58;100.0;115.57;4;115.58;42
2017-01-03 16:06:01.363000-05:00;224.58;500.0;115.57153846153845;853;115.58365384615385;346
2017-01-03 16:06:14.066000-05:00;224.62;300.0;115.5990909090909;182;115.60954545454545;138
2017-01-03 16:06:16.004000-05:00;224.62;753.0;115.6;5;115.61;10
2017-01-03 16:06:20.862000-05:00;224.6175;300.0;115.6;18;115.61;17
2017-01-03 16:06:20.873000-05:00;224.62;100.0;115.6;8;115.61;9
2017-01-03 16:06:39.204000-05:00;224.62;900.0;115.60999999999999;70;115.62;64
2017-01-03 16:06:41.482000-05:00;224.63;300.0;115.61;26;115.62;11
2017-01-03 16:06:46.874000-05:00;224.61;300.0;115.62;10;115.63;5
2017-01-03 16:06:48.773000-05:00;224.60999999999999;840.0;115.62;8;115.63;20
2017-01-03 16:06:56.552000-05:00;224.63;200.0;115.612;50;115.63;149
2017-01-03 16:07:02.091000-05:00;224.63;221.0;115.62;10;115.63;52
2017-01-03 16:07:02.571000-05:00;224.63;34.0;115.62;3;115.63;13
2017-01-03 16:07:08.601000-05:00;224.65;200.0;115.62;6;115.63;4
2017-01-03 16:07:13.743000-05:00;224.65;500.0;115.60999999999999;91;115.63;150
2017-01-03 16:07:20.971000-05:00;224.63;204.0;115.61;20;115.63;124
2017-01-03 16:07:22.081000-05:00;224.63;100.0;115.62;10;115.63;80
2017-01-03 16:07:48.682000-05:00;224.64;501.0;115.62;59;115.63;28
2017-01-03 16:07:56.270000-05:00;224.66;100.0;115.62081081081082;1209;115.63675675675677;442
2017-01-03 16:07:59.460000-05:00;224.67999999999998;525.0;115.65;30;115.66;116
